2640 3918
445 208 749 264 nrmuuurrcuus
768 209 801 278 r,
819 209 865 262 ru.
1116 208 1155 271 11

32 439 51 462 ,
147 379 289 437 scelerate
307 378 446 452 viderem,
464 397 524 445 non
542 380 640 454 recepi
654 378 762 452 oculos,
777 377 827 438 sed
844 377 962 453 perdidi
975 378 1157 436 caecitatem.

147 467 210 526 vidi
228 468 317 527 miser
338 469 468 542 primunr
492 467 571 543 quod
590 467 731 526 ultimum
753 466 894 526 videram.
939 466 1087 542 pendebat
1110 485 1157 524 ex-

146 558 270 629 tinctus,
301 560 331 615 et
353 558 508 616 contentus
524 556 659 631 iaqueus
683 555 879 615 adulescentis
906 557 983 614 colla
1005 555 1157 614 tenuabat.

147 646 322 720 pronefas!
363 645 436 705 haec
457 647 490 704 in
512 645 608 703 filium
635 664 702 704 cum
725 645 817 704 oculis
844 646 917 704 meis
943 647 1093 704 venerant.
1140 663 1157 702 ο

147 753 238 809 quam
259 736 375 810 putasti
397 753 450 794 nec
468 736 611 793 maritum
633 751 719 809 posse
738 734 850 793 sanari!
891 736 952 792 iam
972 736 1089 809 tempus
1113 735 1184 793 este

64 869 66 874 .
145 823 278 898 fletuum,
299 825 390 882 immo
413 825 475 882 iam
496 826 614 899 tempus
637 825 682 883 est
704 825 864 882 caecitatis.

615 1026 682 1096 XI.

469 1152 638 1220 Damnati
661 1152 831 1236 adoptivi.

146 1284 264 1359 Pauper
287 1287 317 1344 et
335 1285 417 1344 dives
439 1284 562 1344 inimici.
602 1287 728 1360 pauperi
750 1287 810 1344 tres
831 1284 895 1342 filii.
937 1284 1066 1360 quodam
1083 1285 1158 1342 tem-

190 1392 261 1449 pore
284 1375 342 1432 visi
370 1376 439 1434 sunt
469 1375 564 1433 amici.
610 1375 688 1449 petit
711 1373 792 1433 dives
820 1392 991 1449 apaupere
1017 1372 1095 1434 filios
1124 1374 1198 1434 in'ro

190 1463 380 1538 adoptionem
407 1465 438 1522 et
465 1465 586 1538 accepit.
627 1481 703 1522 unus
725 1464 758 1520 in
786 1463 932 1522 adulterio
958 1463 1157 1538 deprehensus
1208 1515 1215 1522 .

190 1554 235 1610 est
253 1553 283 1610 et
301 1554 422 1624 occisus,
443 1553 518 1628 alius
543 1552 698 1610 affectatae
716 1552 885 1627 tyrannidis
903 1571 970 1611 reus
991 1552 1089 1612 faetus
1113 1553 1158 1611 est

190 1639 355 1699 damnatus.
402 1642 526 1700 tertium
552 1659 666 1716 pauper
692 1643 810 1715 repetit.
861 1641 942 1698 dives
970 1640 1156 1699 contradicit.

152 1795 155 1800 '
211 1782 296 1840 Nihil
322 1784 384 1841 iam
412 1784 531 1857 praeter
559 1784 657 1842 luctus
686 1802 767 1842 meos
797 1783 918 1861 gravius
948 1801 1039 1858 quam
1069 1783 1157 1858 quod,

145 1871 197 1929 ubi
216 1870 284 1929 odia
302 1871 378 1930 nihil
396 1871 499 1944 fecere,
522 1873 660 1930 videatur
679 1873 811 1930 amicitia
829 1871 896 1946 plus
915 1889 1028 1929 nocere.
1076 1873 1197 1946 quic-1⁵

146 1959 221 2035 quid
247 1978 309 2019 esse
338 1961 439 2034 potuit
467 1961 500 2018 in
528 1980 672 2036 paupere,
701 1963 799 2019 totum
826 1960 907 2020 dives
936 1960 1059 2035 aceepit.
1106 1962 1158 2034 qui

145 2050 172 2108 si
189 2048 299 2106 benum
323 2050 454 2107 animum
472 2051 504 2108 in
528 2049 728 2109 adulescentes
748 2067 829 2108 meos
850 2050 957 2122 tenuit,
975 2048 1052 2108 filios
1071 2048 1158 2107 ambo

144 2137 335 2213 perdidimus.
380 2157 491 2197 novum
519 2139 659 2198 audaciae
683 2157 788 2216 genus:
815 2138 1006 2214 tyrannidem
1039 2137 1158 2196 affectat

144 2228 284 2302 pauperis
311 2226 398 2286 filius.
443 2229 560 2286 utinam
588 2230 630 2288 sic
659 2227 754 2286 filium
781 2227 988 2302 perdidissem,
1016 2230 1051 2285 ut
1074 2228 1159 2302 queri

145 2315 182 2374 de
204 2316 324 2374 fortuna
347 2316 457 2374 liceret.
504 2316 604 2385 dolere
620 2318 736 2394 integre
759 2335 819 2374 non
841 2317 940 2391 potest
959 2317 1011 2390 qui
1033 2318 1157 2394 urgetur
1173 2335 1198 2374 ae

144 2406 242 2462 irasci.
284 2406 344 2464 scio
363 2405 465 2480 quales
485 2405 650 2464 habuerim.
692 2407 722 2464 et
744 2407 866 2464 inimico
885 2406 915 2462 et
934 2403 1023 2462 diviti
1040 2404 1157 2478 placere

144 2495 314 2569 potuerunt.
356 2493 480 2552 divitiae
504 2495 738 2554 inconstantium
762 2496 937 2553 animorum.
978 2494 1011 2550 in
1034 2511 1157 2566 summa,

144 2583 290 2658 pernicies
317 2583 365 2640 vel
387 2582 464 2641 velle
491 2583 530 2641 ad
556 2603 603 2642 me
626 2583 722 2641 redire
744 2583 792 2641 vel
815 2583 902 2640 nolle.
949 2583 974 2639 si
996 2583 1076 2655 vult,
1098 2601 1158 2640 non

146 2671 275 2730 delectat
304 2673 357 2746 qui
387 2673 533 2730 retinetur
564 2674 690 2746 invitm,
721 2674 747 2730 si
773 2691 833 2730 non
860 2672 938 2745 vult,
969 2673 1030 2728 iam
1057 2673 1158 2746 timeo,

145 2761 225 2835 quod
255 2760 376 2818 divitias
409 2779 508 2819 amare
538 2763 643 2836 coepit.
689 2763 850 2835 permissae
880 2761 1018 2818 licentiae
1048 2779 1159 2838 magna
1171 2779 1198 2819 aa

145 2850 287 2908 securitas
311 2852 356 2908 est
377 2851 509 2924 potestas
528 2869 595 2909 cum
613 2850 823 2908 moderatione.
864 2849 1017 2908 recordare
1037 2851 1157 2924 quentis

146 2940 219 2997 meis
242 2938 417 2996 redemerim
439 2938 535 3013 malis,
558 2957 595 2996 ne
618 2939 714 2997 adhuc
736 2939 904 2998 videremur
926 2939 1048 2996 inimici.

234 3095 250 3142 2
270 3089 423 3144 extinctum
436 3098 521 3156 3043
540 3107 607 3144 corr.
622 3091 753 3144 Pithoeus
817 3095 832 3142 3
850 3090 1027 3158 contemptus
1041 3088 1157 3158 laqueos

145 3160 379 3215 adulescentesc
448 3159 561 3215 ssfletni
579 3169 607 3213 Β

234 3237 267 3285 13
286 3247 409 3302 paupere
422 3231 496 3302 petit
515 3242 542 3299 e,
560 3247 668 3302 pauper
681 3231 754 3301 petit
767 3240 826 3299 Βος
845 3231 980 3301 repetite
1047 3235 1080 3284 14
1098 3231 1157 3285 iam

144 3304 288 3360 Pithoeus:
306 3305 366 3356 tam
381 3313 412 3370 ος
431 3305 526 3357 tamen
539 3312 567 3356 Β
650 3308 683 3356 15
702 3301 794 3356 facere
808 3311 863 3356 Bc
955 3306 987 3356 17
1008 3302 1158 3357 1108111111-

144 3377 206 3446 tr'ay
283 3376 316 3427 ut
333 3373 405 3428 filios
424 3374 506 3428 ambo
520 3373 724 3444 perdiderimus
738 3374 881 3440 Schultc'ua
968 3378 1038 3427 18a
1111 3373 1158 3428 iac

145 3461 233 3516 genus
248 3458 276 3500 r:
300 3445 400 3500 auditu
418 3461 524 3516 egenus
544 3457 575 3514 03
599 3445 698 3498 auditu
717 3460 831 3514 agemus
849 3454 877 3498 Β
984 3450 1032 3514 19,
1066 3444 1110 3498 ius
1129 3455 1156 3512 ι’,

144 3517 203 3571 filio
222 3538 238 3569 ο
310 3521 344 3570 24
362 3519 514 3571 teneturn
578 3522 610 3570 27
629 3516 760 3570 redimeri
781 3517 852 3571 ino
920 3515 1076 3570 videremur
1092 3515 1157 3583 Gr.;

144 3588 344 3642 redimeremur
360 3597 415 3642 Bc
