2640 3918
374 259 678 316 DECLAMATIONES
697 261 874 315 XL-XLIV.
1085 261 1129 326 33

163 431 271 490 liberos
295 429 424 490 habebal
446 432 563 490 amissis
586 431 681 491 tulus
705 433 735 489 et
757 431 866 514 marito
890 431 1025 490 delraola
1048 433 1129 491 esta

162 520 239 596 filio,
268 539 335 580 oum
361 521 502 595 laqueum
531 521 684 581 induisset,
723 518 918 596 *saerilegium
947 522 980 578 in
1008 521 1129 580 civitate

164 611 352 670 commissum
380 611 432 668 est.
479 608 554 668 adiit
580 611 646 684 ipsa
674 611 868 687 magistratus
895 611 926 668 ei
955 609 1031 668 dixit
1056 628 1073 668 a
1099 629 1130 668 se

163 699 290 758 factum:
315 699 381 758 vult
408 697 444 757 de
466 691 520 756 illa
546 699 724 773 supplicium
749 717 873 758 sumere.
919 699 1053 774 appellat
1075 717 1130 774 pro

125 851 129 858 ,
165 807 200 847 ea
222 787 301 848 lilius
324 785 458 848 tribunos
482 788 518 845 de
540 789 651 846 iniusto
674 788 829 864 supplicio.
876 785 962 846 (1.1).
1144 806 1156 846 5

189 927 293 988 Subito
312 930 441 1003 fortuna,
460 931 537 988 siout
555 930 639 1003 solet,
661 931 727 1004 ipsa
746 932 806 988 suis
825 928 994 988 muneribus
1013 929 1130 988 invidit.

119 1014 233 1092 falius',
255 1019 362 1093 inquit,
387 1014 451 1093 ‘pro
471 1019 530 1078 alio
551 1037 637 1095 agere
656 1037 715 1077 non
733 1013 852 1094 polesl'.
899 1019 975 1077 alius
999 1021 1044 1077 eal
1061 1037 1132 1096 ergo

122 1109 175 1183 qui
202 1107 281 1166 filius
309 1105 375 1166 esl‘?
424 1107 568 1166 confessio
597 1109 768 1166 voluntaria
798 1110 935 1182 suspecta
965 1109 1018 1166 est.
1064 1126 1130 1166 oon-

120 1197 277 1256 fessionem
307 1197 423 1255 soeleris
454 1197 587 1272 appellas
616 1215 718 1255 voeem
748 1197 866 1255 doloris.
912 1197 1131 1255 misericordiae

120 1288 236 1344 vestrae
259 1287 421 1344 maximum
444 1305 551 1345 munus
574 1287 619 1368 est
642 1305 759 1344 servare
782 1286 940 1344 nolentem.
1146 1304 1171 1344 1⁰

557 1509 694 1578 XLIII.
1147 1513 1185 1569 41

436 1623 574 1707 Raptor
596 1625 817 1693 exeeeeatns.
1089 1643 1091 1656 ·

122 1748 269 1806 Tanrorrs
300 1764 348 1806 sm
377 1765 478 1806 norro.
520 1766 685 1808 narraavn
712 1767 781 1806 nax.
827 1747 949 1823 quidam
978 1749 1081 1822 rapuit
1104 1749 1134 1806 et

167 1838 200 1894 in
222 1837 312 1912 raptu
335 1855 354 1896 a
374 1838 476 1913 puella
501 1839 672 1898 exeaeoatus
700 1840 752 1897 est.
798 1837 944 1913 producta
972 1837 1011 1896 ad
1039 1838 1133 1912 magi-

167 1927 278 1986 stratus
301 1927 428 1986 mortem
451 1928 576 2001 optavit.
621 1928 725 2002 raptor
747 1927 841 2003 exigit
862 1926 1012 1986 talionem.
1148 1937 1191 1983 1e·

189 2064 339 2142 Imperare
362 2088 489 2144 poenam
516 2088 625 2143 meam,
653 2087 713 2127 non
736 2086 823 2146 agere
847 2067 972 2128 debebas
995 2088 1048 2127 neo
1072 2086 1134 2126 esse

122 2156 226 2216 eadem
255 2157 343 2216 iudex
372 2160 402 2216 et
432 2158 571 2216 carnifex.
611 2157 702 2217 habet
732 2159 856 2232 quisque
885 2160 1020 2216 noslrum
1050 2177 1134 2216 suam

122 2246 233 2324 legem:
251 2248 339 2321 rapio
357 2248 474 2322 oapilis‚
493 2249 664 2306 excaecatus
679 2247 838 2306 oculorum.
875 2249 909 2304 tu
924 2248 1010 2321 enim,
1024 2247 1134 2321 puella,

124 2333 197 2409 quid
214 2352 302 2408 passa
324 2333 376 2394 es?
398 2337 572 2412 virginitale
595 2337 725 2396 caruisti.
772 2335 913 2395 sollemne
930 2337 963 2394 in
983 2335 1029 2394 his
1053 2335 1134 2394 dam·

123 2443 204 2497 num,
227 2425 262 2481 ul
284 2443 344 2482 non
366 2424 490 2484 dixerim
508 2427 619 2484 volum.
666 2426 768 2500 erepta
793 2426 892 2484 aulem
910 2425 985 2482 mihi
1007 2424 1058 2481 lux
1081 2426 1135 2496 est,
1149 2444 1175 2482 ao

124 2513 194 2571 ante
225 2531 314 2586 quam
336 2532 473 2572 morerer.
519 2532 536 2571 o
564 2515 643 2573 oeuli
664 2532 737 2588 quos
760 2533 814 2588 ego
837 2515 951 2587 primus
982 2513 1134 2572 adamavi!

124 2600 216 2678 digna
238 2601 360 2660 fortuna
381 2619 435 2661 vos
456 2603 522 2662 ulte
545 2606 598 2677 est,
621 2606 656 2660 ut
683 2603 735 2677 qui
753 2620 800 2660 me
818 2602 998 2677 perdidistis,
1020 2619 1139 2660 meeum·

125 2691 271 2765 periretis.

132 2819 133 2822 ‘
567 2805 693 2875 XLIV.
1149 2813 1188 2869 re

366 2919 476 2991 Soror
498 2924 645 2990 infamis
667 2923 895 2991 immolanda.
1150 2951 1175 2990 n

124 3041 249 3103 Infamia
272 3046 365 3105 frater
383 3049 415 3104 in
433 3065 563 3105 sororem
581 3049 728 3123 virginem
747 3047 858 3106 occisus
877 3049 922 3105 esi
939 3047 1005 3124 lege
1023 3046 1135 3104 indem-

170 3136 316 3192 natorum.
362 3137 426 3194 lues
445 3139 512 3194 orta
534 3138 586 3195 est.
632 3135 786 3211 respondit
804 3137 966 3209 oraculum,
989 3137 1136 3228 virginem

216 3290 231 3337 3
252 3285 324 3338 adili
337 3295 374 3340 11:
395 3288 425 3339 at
443 3289 475 3340 ul:
496 3298 516 3341 0
586 3285 648 3341 50.
664 3285 701 3342 D:
721 3303 784 3340 cum
800 3297 821 3340 0

144 3420 146 3429 Ι
216 3361 249 3409 12
268 3357 442 3412 titolomom.
458 3367 512 3412 Bc
587 3359 619 3412 17
639 3358 738 3412 eadem
753 3370 779 3412 s:
801 3373 862 3412 eam
876 3367 930 3412 Bc
1000 3363 1033 3412 19
1052 3357 1137 3428 virgi-

126 3425 246 3482 niteam
263 3431 317 3481 Bc
387 3435 419 3483 21
439 3447 508 3498 quos
523 3434 585 3484 10:
604 3446 655 3500 per
673 3445 742 3497 quos
761 3429 891 3484 Pithoeus
896 3452 906 3498 ;
926 3427 1027 3498 quibus
1042 3429 1137 3484 Sedul-

126 3500 187 3570 tiny
259 3503 292 3551 22
310 3498 388 3553 ulcta
406 3509 435 3554 B

216 3571 250 3622 25
268 3571 380 3625 tilulum
397 3589 447 3626 om.
467 3581 521 3626 Bc
615 3577 648 3626 26
668 3571 756 3626 fram
774 3584 802 3625 e:
822 3575 883 3626 erat
901 3580 956 3626 Be
1044 3569 1137 3642 legem

128 3639 306 3695 indemnator
323 3651 383 3711 Bc,
401 3660 468 3698 corr.
484 3665 501 3696 ο

183 3739 319 3782 curvarent
333 3752 420 3784 rancor
433 3753 636 3784 nacaennriorss
651 3744 686 3784 ed.
700 3743 835 3783 Lehnert.
962 3738 977 3786 3
