2640 3918
568 211 717 269 Praefatio.
1097 211 1148 267 VII

141 375 305 442 motionum
322 383 444 461 Ugoleti
462 402 497 441 ex
515 377 552 443 B
568 383 687 442 fluxisse
707 386 859 461 cognovit3
879 383 915 443 cf.
935 401 1010 458 quae
1028 384 1148 458 Elaites,

141 473 175 530 de
192 472 355 531 minoribus
378 491 455 548 quae
478 471 531 531 sub
553 475 673 531 nomine
693 472 872 541 Quintiliani
894 473 1030 530 fanantur
1052 472 1148 531 decla-

139 561 319 620 mationibus
330 553 455 642 (1890),
464 581 494 636 p.
505 562 545 619 26
561 561 599 618 ad
613 561 789 619 firmandam
803 563 879 620 hane
894 559 1071 620 sententiam
1081 581 1148 638 pro-

139 650 217 724 tulit,
230 651 274 708 Ita
284 653 319 708 ut
326 652 431 728 negari
440 652 560 709 omniuo
570 669 629 709 non
638 652 742 726 possit,
756 651 903 710 artissime
913 669 979 708 eam
989 650 1148 710 editionem

140 739 293 797 cohaerere
317 758 383 798 cum
405 735 450 813 B,
473 739 551 797 unde
574 743 699 815 apparet
720 738 926 798 Monacensem
948 741 1017 798 ante
1038 759 1149 798 annum

142 829 225 887 1494
249 846 308 903 quo
327 829 418 886 editio
437 830 469 886 in
489 829 586 887 lucem
604 828 726 904 prodiit,
745 847 807 888 esse
830 821 1032 909 confectum.¹)
1070 847 1149 888 com·

139 917 279 992 plectitur
296 917 372 975 liber
394 919 505 993 optime
525 920 659 976 servatus
678 936 737 976 uno
757 919 928 994 tegumento
951 917 1025 976 duas
1048 921 1148 992 partes

139 1005 226 1080 plane
246 1006 367 1080 alienas,
385 1007 464 1064 inter
477 1023 507 1064 se
527 1006 600 1064 satis
614 1006 769 1066 distinctas
788 1007 849 1065 alia
863 1007 975 1081 charta,
994 1007 1054 1065 alio
1069 1010 1148 1066 atra-

139 1097 247 1169 mento,
268 1095 398 1170 propriIs
415 1097 595 1171 paginarum
614 1097 752 1154 numeris.
790 1113 916 1170 quarum
933 1097 966 1152 iu
985 1098 1148 1171 posteriore

139 1183 278 1259 leguntur
296 1183 473 1261 Panegyrici
493 1183 560 1257 XII,
582 1184 665 1258 prior
687 1185 819 1242 continet
837 1203 898 1243 uua
913 1203 1004 1243 manu
1022 1186 1148 1260 scriptas

139 1272 367 1332 declamationes
384 1272 563 1341 Quintiliani
579 1274 709 1331 minores
723 1274 897 1332 asa—388
917 1272 1029 1332 atinde
1044 1293 1061 1332 a
1074 1275 1148 1333 folio

141 1362 202 1418 147
227 1359 429 1437 Calpurnium.
471 1360 561 1420 codex
584 1364 733 1436 scriptura
751 1363 882 1440 eleganti
905 1366 994 1438 atque
1017 1363 1148 1422 dilucida

139 1450 263 1527 insignis
287 1453 339 1509 est.
384 1450 467 1509 tituli
486 1451 672 1528 singularum
695 1451 945 1511 declamationum
962 1453 1055 1510 minio
1073 1454 1149 1528 picti

69 1533 72 1540 ’
139 1542 214 1597 sunt.
255 1539 373 1598 Iltterae
391 1540 523 1598 initiales
542 1540 656 1598 desunt.
694 1539 745 1598 sed
764 1557 830 1598 cum
853 1540 993 1600 librarius
1011 1543 1148 1616 inprimis

138 1628 168 1685 id
198 1630 312 1705 ageret,
340 1630 375 1686 ut
402 1646 474 1704 opus
502 1628 714 1688 nitidissimam
740 1647 866 1706 praese
893 1630 984 1688 ferret
1011 1633 1148 1706 speciem,

138 1733 251 1775 errores
274 1735 347 1793 quos
370 1718 532 1791 commisit,
559 1719 620 1792 fere
643 1735 795 1793 nunquam
819 1721 959 1792 correxit,
986 1739 1023 1777 ne
1046 1720 1148 1778 oculus

137 1808 169 1863 iu
201 1805 378 1883 perlegendo
406 1803 610 1864 offenderetur.
661 1810 843 1866 correctmas
871 1808 1016 1882 quasdam
1048 1813 1148 1867 autem

138 1894 254 1953 addidit
276 1896 371 1953 altera
393 1914 498 1955 manus
520 1897 611 1970 paulo
634 1895 787 1955 recentior.

206 1983 347 2042 Venimus
366 1984 404 2041 ad
418 1983 548 2043 codicem
564 1982 772 2043 Ohisianum
790 1986 918 2043 latinum
937 1985 966 2043 H
980 1985 1055 2044 VIII
1074 1983 1191 2061 261st

244 2067 294 2117 571

137 2109 210 2166 olim
234 2141 305 2207 Μ
328 2099 382 2190 (0)
401 2110 433 2165 in
456 2108 538 2183 folio,
561 2109 749 2168 chartaceum
773 2109 915 2168 foliorum
937 2112 978 2169 90
1001 2110 1148 2169 linearum

138 2233 188 2290 40.
232 2235 264 2290 in
296 2233 433 2310 catalogo
455 2232 652 2292 bibliothecae
676 2231 834 2292 Ohisianae
862 2234 916 2294 sub
939 2235 1028 2294 tltulo
1056 2234 1146 2304 Quin·

136 2322 238 2382 tiliani
274 2321 393 2382 saeculo
423 2321 504 2395 XIV,
540 2321 593 2380 sub
627 2323 718 2380 titulo
754 2321 908 2398 Calpurnii
943 2325 1061 2384 saeculo
1091 2322 1147 2382 XV

136 2409 287 2469 tribuItur.
333 2410 384 2470 sed
410 2411 460 2470 vix
488 2410 619 2470 dubitari
646 2414 757 2486 potest,
786 2413 858 2487 quin
888 2413 927 2470 sit
950 2414 1061 2472 saeculi
1082 2412 1138 2472 XV
1140 2458 1147 2470 .

137 2500 270 2558 continet
304 2499 357 2558 ille
394 2518 511 2574 quoque
543 2498 722 2568 Quintiliani
758 2501 988 2560 declamationes
1017 2504 1147 2562 minores

139 2588 325 2647 asa-388
360 2590 389 2646 et
421 2586 615 2663 Calpurnium
649 2590 732 2648 cutus
768 2589 890 2666 praebet
927 2591 967 2649 53
1001 2592 1146 2650 declama·

136 2678 247 2751 tiones,
281 2696 347 2736 cum
376 2677 409 2734 in
438 2679 543 2736 ceteris
574 2678 613 2735 51
645 2680 763 2736 tantum
790 2678 891 2738 insint.
943 2681 1051 2756 incipIt
1080 2678 1146 2738 Gal·

136 2765 261 2840 purnius
287 2768 320 2824 iu
347 2767 459 2843 pagina
484 2784 570 2826 versa
599 2767 697 2824 media
723 2767 789 2826 folii
817 2769 868 2828 81.
913 2768 1076 2844 praefixum
1102 2772 1148 2828 est

137 2854 233 2914 cchci
254 2855 360 2913 folium
378 2854 506 2914 indicem
528 2857 681 2914 contiuens
705 2874 723 2913 a
745 2875 836 2916 manu
853 2858 1056 2916 recentissima
1078 2877 1146 2917 con-

138 2935 282 3024 secuml)
327 2944 412 3001 tituli
430 2946 460 3001 et
483 2943 713 3021 subscriptiones
731 2946 825 3004 minio
847 2946 921 3021 picti
940 2950 1034 3006 sunt.-
1056 2946 1154 3005 libra-¹

135 3033 201 3092 rius
224 3035 277 3108 qui
299 3032 429 3093 codicem
456 3033 565 3092 litteris
593 3033 743 3093 inclinatis
771 3034 908 3094 dilucidis
931 3035 1063 3110 scripsit,
1090 3036 1146 3094 lin-

134 3140 211 3198 guae
229 3121 342 3180 latinae
359 3122 466 3196 minue,
485 3125 520 3180 ut
532 3122 659 3196 videtur,
676 3125 790 3197 peritus
803 3123 870 3198 fuit,
890 3143 949 3199 quo
962 3125 1074 3184 factum
1093 3128 1147 3199 est,

208 3290 233 3358 1)
252 3289 393 3343 Ritterum
412 3292 522 3344 secutus
541 3290 705 3346 Lachmann
728 3308 839 3360 quoque
861 3292 892 3345 in
911 3291 1000 3347 altera
1023 3293 1146 3348 editione

134 3360 259 3430 catalogi
272 3359 408 3414 librorum
421 3362 675 3431 manuscriptorum
688 3362 879 3418 bibliothecae
892 3363 1067 3418 Monacensis
1082 3380 1146 3418 eum

133 3431 237 3485 tribuit
255 3431 366 3486 saeculo
384 3432 435 3486 XV
453 3434 574 3488 exeunti.
772 3473 776 3478 -

207 3504 233 3571 2)
251 3503 283 3555 In
301 3519 358 3570 quo
376 3504 451 3573 quod
465 3511 498 3558 51
518 3504 737 3559 declamationes
751 3507 940 3572 numerentur,
958 3521 1040 3561 nemo
1059 3505 1146 3561 offen-

134 3573 193 3628 dat.
226 3574 349 3643 pertinet
367 3574 442 3629 enim
460 3575 509 3631 ille
527 3591 658 3630 numerus
677 3576 712 3629 ad
731 3576 885 3631 editionem
902 3575 1020 3632 Pitheci.
