2640 3918
173 211 217 279 14
506 209 699 266 CALPVRNII
716 208 842 265 FLAGCI

218 397 418 438 resumamus
460 379 582 454 quidam
611 399 646 438 ex
676 379 788 438 duobus
815 379 917 439 liberis
944 381 1072 439 alterum
1101 380 1186 440 abdi·
1312 371 1313 382 ¹

218 469 306 527 cavit.
355 463 552 545 (abdicatus)
583 468 733 528 addictum
759 470 864 544 postea
895 465 1034 528 creditori
1066 471 1185 545 patrem

217 557 344 616 redemit
366 559 397 615 et
418 558 600 619 manumisit.
642 577 700 633 quo
723 560 840 617 mortuo
861 555 1018 636 ambigunt
1036 559 1072 618 de
1089 559 1184 634 bonit,

218 646 371 706 abdicatus
385 647 449 706 iure
462 649 584 722 patroni
597 648 628 710 et
640 646 719 705 filius
734 648 805 721 quia
825 649 857 704 in
874 647 993 706 familia
1009 650 1184 723 permensit.

147 825 159 866 e
200 833 201 836 ¹
239 806 386 882 Equidem
414 825 468 867 nec
497 825 620 865 avarum
653 826 700 865 me
729 797 820 868 fuisse
849 825 903 866 nec
932 809 1058 883 impium
1088 807 1184 867 docui.

173 914 242 954 nam
262 898 292 953 et
308 895 420 954 redemi
437 897 554 970 patrem
573 898 603 955 et
616 897 782 954 manumisi.
821 890 986 956 ‘abdicatus
1005 890 1057 971 es’,
1074 898 1183 972 inquit

174 1002 218 1057 en,
243 1003 330 1059 quem
352 986 438 1059 putes
457 984 586 1044 doluisse
605 1003 704 1044 casum
722 1003 829 1058 meum,
850 984 930 1044 filius
951 985 1024 1044 dicit
1041 984 1183 1045 beneficio

172 1075 305 1147 parentis
324 1091 355 1132 se
373 1091 435 1133 esse
448 1074 604 1147 nutritum,
619 1074 681 1132 eius
695 1073 882 1151 indulgentia
895 1073 1063 1133 libertatem
1078 1075 1182 1133 civita·

171 1165 292 1237 temque
315 1164 460 1221 sortitum.
503 1164 536 1220 at
558 1162 631 1220 haec
653 1164 719 1236 ipss
740 1164 885 1238 patronus
908 1162 1014 1222 liberto
1038 1181 1090 1222 suo
1114 1182 1182 1223 con-

133 1270 158 1309 ro
171 1251 244 1309 tulit
266 1270 342 1327 quae
368 1250 447 1310 filius
475 1270 493 1310 a
519 1253 643 1327 parente
670 1253 810 1327 percepit
855 1252 979 1327 proinde
997 1251 1183 1312 'beneficium

171 1339 346 1399 hereditatis
373 1339 434 1398 filio
467 1340 568 1414 datur,
595 1340 722 1415 patrono
754 1340 895 1398 redditur.
942 1341 1076 1400 addictus
1107 1361 1183 1400 nun-

172 1447 263 1504 quam
285 1431 385 1504 sperat
404 1428 587 1503 libertatem3
610 1429 795 1507 negligenter
818 1430 946 1487 enimet
968 1430 1185 1489 contumaciter

171 1516 336 1592 servit'qui
354 1519 462 1576 servire
481 1537 541 1576 non
558 1519 651 1576 novit.
689 1517 760 1593 quid
778 1518 853 1576 mihi
872 1517 1076 1578 abdicatorum
1089 1517 1184 1578 obicis

171 1604 288 1684 legem?
329 1625 392 1684 ego,
415 1608 441 1664 si
464 1608 550 1682 quasi
566 1605 645 1667 filius
669 1608 825 1681 experirer,
847 1608 953 1666 merito
971 1609 1008 1666 ut
1028 1607 1182 1666 abdicatus
1226 1671 1228 1676 ,

131 1713 157 1754 15
171 1696 340 1771 expellerer.
362 1697 450 1761 ¹utor
467 1697 588 1770 patroni
607 1697 731 1769 actione,
753 1713 813 1754 non
830 1695 894 1754 filii.
939 1697 1011 1771 quid
1028 1694 1129 1756 enim?
1156 1699 1183 1756 si

171 1803 230 1843 non
254 1787 330 1844 esset
347 1786 553 1859 manumissus,
575 1785 725 1860 peculium
744 1785 822 1844 servi
839 1786 1038 1860 meipeteres.
1080 1788 1183 1860 specta

170 1874 303 1934 defuncti
325 1874 527 1934 condicionem
550 1892 625 1949 quse
647 1873 707 1933 fuit
728 1875 833 1932 mortis
855 1876 997 1950 temporq
1021 1893 1082 1934 non
1105 1893 1182 1950 quae

172 1962 331 2038 aliquando
356 1965 524 2038 praecessit.
571 1964 687 2023 sistitur
714 1963 826 2022 venalis
848 1964 947 2038 pater,
974 1981 1034 2022 non
1057 1964 1182 2023 festinat

169 2053 218 2110 hic
245 2051 339 2111 bonus
366 2050 458 2125 filius,
488 2070 548 2110 non
571 2052 698 2126 denique
724 2053 844 2125 metuit,
874 2071 910 2110 ne
939 2052 1026 2109 illum
1052 2052 1181 2111 redimat

130 2159 156 2198 so
171 2139 331 2199 abdicatus
376 2139 455 2200 filius
482 2142 625 2200 incolumi
652 2140 799 2218 dignitate
828 2159 888 2200 non
909 2142 1010 2216 potuit
1032 2142 1181 2216 explicare

170 2230 315 2304 qnantum
338 2228 491 2289 abdicatus
512 2230 661 2304 explicuit
708 2230 844 2304 quotiens
867 2248 898 2288 se
920 2232 1006 2305 pater
1027 2231 1181 2305 paenitere

169 2319 317 2378 confessus
340 2319 397 2378 estl
440 2319 576 2394 quotiens
599 2318 636 2376 de
658 2318 746 2377 huius
765 2318 957 2393 simplicitate
980 2316 1179 2393 conquestus?

168 2409 284 2466 utinam
311 2407 443 2466 licuisset
473 2406 590 2467 addicto
621 2425 753 2466 exercere
779 2407 826 2465 ius
849 2408 994 2482 patrium:
1024 2408 1101 2467 esset
1129 2409 1180 2467 hic

169 2496 331 2568 abdicatus,
353 2496 401 2555 hic
423 2495 510 2556 filius.
555 2496 634 2555 bona
651 2497 718 2571 ipsa
735 2515 801 2554 meo
824 2498 894 2555 sunt
913 2495 1013 2554 labore
1033 2498 1177 2571 quaesita,

128 2602 154 2643 se
167 2585 246 2644 unde
268 2603 354 2644 senex
376 2587 487 2644 testare
505 2585 610 2658 noluit,
633 2604 671 2643 ne
688 2585 763 2643 mihi
787 2586 872 2660 quasi
891 2603 976 2644 suum
996 2585 1181 2660 relinqueret

167 2674 247 2751 quod
269 2692 367 2732 meum
390 2675 485 2733 sciret.
531 2676 565 2732 tu
587 2674 663 2732 illud
691 2675 774 2749 prius
798 2674 1007 2749 consumpsisti
1033 2675 1178 2748 patrimo·

120 2779 123 2784 ’
167 2764 259 2836 nium,
276 2763 352 2820 illud
371 2764 512 2838 amplum,
534 2763 610 2821 illud
629 2763 706 2838 quod
724 2762 808 2822 nobis
827 2762 990 2837 parabatur
1007 2763 1179 2838 heredibus;

167 2870 221 2930 ego
250 2852 368 2927 postulo
397 2854 499 2926 tenue,
528 2851 714 2926 libertinum,
749 2851 828 2927 quod
858 2853 909 2910 vix
944 2850 1054 2912 sufficit
1083 2853 1179 2927 ipsius

166 2941 273 2999 funeri.
325 2941 373 2999 hic
404 2942 482 3000 enim
516 2941 633 3016 quando
668 2941 790 3016 sepeliet
823 2942 970 3000 iacentem
999 2942 1052 3015 qui
1080 2941 1180 3000 noluit

126 3050 153 3089 so
166 3030 310 3088 redimere
332 3026 488 3088 venalem?

255 3216 437 3270 tabdioatus
451 3217 515 3271 add.
532 3216 580 3271 Gr.
657 3215 761 3285 iquia
779 3218 877 3274 Klotz:
895 3216 945 3285 qui
964 3226 1017 3270 aa
1087 3221 1177 3284 ique

167 3306 188 3350 ο
270 3279 378 3370 dolenls
398 3312 427 3351 se
440 3305 478 3363 Βς
498 3295 594 3350 dolens
614 3313 643 3351 se
662 3300 707 3368 (en
726 3299 757 3350 iu
774 3314 828 3352 rac.
844 3314 884 3352 ec.
898 3297 940 3360 ui)
961 3306 982 3349 ο
1065 3296 1138 3349 tad
1157 3307 1180 3350 a*

167 3381 199 3428 14
217 3375 307 3431 filium
324 3386 387 3445 Βος
407 3389 507 3432 coras
586 3379 747 3446 repeteres
767 3389 794 3430 s:
814 3377 919 3430 -islw
998 3381 1030 3430 18
1051 3375 1177 3444 aliquam

165 3448 354 3518 depraecessit
381 3460 412 3516 ος
440 3448 593 3518 aliquando
620 3448 757 3518 processit
779 3457 807 3502 Β
934 3453 969 3501 20
993 3447 1127 3501 abdicans
1150 3455 1180 3500 Ι

164 3524 198 3572 22
217 3519 311 3573 huius:
331 3537 382 3575 sua
399 3521 542 3592 Schulttay
613 3525 647 3574 25
666 3519 765 3574 testari
785 3530 801 3572 s
876 3521 1088 3586 28tenet1w3
1106 3534 1175 3574 corr.

165 3603 181 3638 s
252 3597 286 3646 29
305 3608 388 3663 saepe
406 3592 473 3647 licet
492 3603 514 3647 c
