2640 3918
385 219 690 282 DECLAMATIONES
709 227 914 281 XXXVI—XL.
1113 226 1154 290 31

210 396 288 466 Quid
310 400 374 456 tam
396 399 496 472 potest
518 415 580 456 esse
599 395 777 456 adversum?
799 399 862 456 eius
885 395 934 455 hic
958 395 994 454 ab
1018 414 1052 454 eo
1076 413 1156 454 mors

144 486 307 562 impeditur
329 487 412 546 cuius
435 485 467 544 in
489 487 584 545 altero
612 487 722 544 iudicio
750 487 815 545 vita
837 482 1084 560 reprehenditur?
1124 485 1156 542 in

142 575 212 650 illis,
235 575 267 634 P.
288 573 328 649 0.,
345 575 463 634 iudiciis
482 577 602 652 gravior
620 575 694 633 mihi
712 575 772 633 fuit
789 575 923 634 vindicte
941 593 1033 649 quarn
1050 582 1154 648 poena.

142 683 221 724 mors
241 683 259 723 a
277 664 361 723 vobis
385 663 505 724 dabitur
523 667 586 724 sive
605 664 735 722 dementi
753 664 916 722 remedium
940 665 1002 721 sive
1026 663 1156 737 sapienti

142 754 294 812 solacium.
340 756 449 812 natiue
471 753 546 812 mihi
562 755 624 812 tres
642 752 750 812 liberos
770 753 860 826 dedit,
883 754 1063 827 fortunaque
1081 751 1154 809 duos
1169 769 1182 809 s

142 843 271 902 sustulit.
308 843 463 901 videturne
483 841 566 902 vobis
584 844 664 900 iusta
687 860 776 901 causa
795 860 858 900 esse
876 837 1040 900 moriendi?
1063 842 1154 898 immo

141 950 203 990 ram
225 948 298 990 sera.

562 1083 736 1153 XXXIX.
1170 1087 1208 1143 38

305 1225 428 1294 Fortis
451 1226 522 1292 viri
545 1226 643 1292 filius
666 1226 821 1306 tyranno
845 1225 997 1292 deditus.

143 1375 284 1435 Absentis
307 1377 365 1434 viri
387 1376 473 1435 fortis
491 1375 587 1434 filiurn
609 1377 754 1450 tyrannus
773 1375 850 1450 petit
873 1373 930 1432 sibi
952 1373 1021 1432 dedi
1044 1373 1156 1432 denun-
1171 1393 1196 1434 ιο

188 1466 267 1524 tiens
297 1464 416 1523 bellum.
465 1466 588 1540 accepit.
635 1482 769 1542 regresso
802 1482 836 1522 eo
871 1462 1011 1522 suadetur
1044 1461 1155 1520 bellum

188 1556 318 1629 tyranno
341 1554 440 1612 indici.
483 1555 530 1612 vir
551 1554 637 1612 fortis
661 1553 846 1612 contradicit.

212 1731 358 1790 Profiteor
374 1751 422 1790 me
445 1731 541 1790 filium
563 1751 617 1790 neo
636 1732 802 1790 desiderare
820 1749 874 1790 nec
894 1729 1011 1788 habere.
1048 1729 1155 1803 nescio,

145 1839 184 1879 an
206 1821 262 1879 hoc
284 1819 397 1878 bellum
420 1820 566 1879 fueritin
591 1822 725 1896 tempore
748 1839 800 1879 suo
823 1822 948 1892 iustum,
975 1837 1054 1876 nunc
1077 1820 1155 1876 certe

144 1911 242 1984 coepit
272 1927 333 1968 esse
360 1911 423 1967 iam
452 1929 557 1968 serum.
605 1904 649 1968 ‘at
679 1911 757 1968 enim
786 1909 865 1967 filius
893 1909 952 1967 viri
978 1908 1065 1965 fortis
1089 1901 1154 1965 est’
1170 1925 1195 1966 15

143 1995 237 2073 quid?
265 1999 321 2057 hoc
343 2017 403 2056 non
431 2000 508 2071 erat,
535 2017 602 2056 cum
625 1995 774 2057 dabatur?
803 1997 898 2055 ofili!
929 1999 954 2056 si
976 1999 1077 2054 tamen
1099 1996 1155 2053 hoe

143 2105 251 2146 nomen
276 2087 353 2162 quod
381 2089 490 2146 natura
517 2086 610 2161 dedit,
638 2088 759 2146 fortuna
781 2106 841 2146 non
864 2085 1001 2159 abstulit,
1029 2102 1155 2162 agnosce

142 2178 173 2234 te
196 2175 291 2234 filium
314 2177 373 2234 viri
395 2177 488 2235 fortis.
531 2178 616 2236 vince
638 2177 778 2250 feliciter,
801 2174 834 2233 id
856 2178 913 2234 est:
940 2175 1005 2250 peri
1026 2175 1154 2233 fortiter.

143 2265 217 2324 heco
240 2266 286 2324 est
308 2267 387 2324 enim
409 2266 463 2324 tua
486 2267 546 2324 iam
570 2266 633 2324 sola
656 2267 789 2324 victorie.

605 2506 684 2577 XL.
1169 2511 1208 2566 ou

374 2650 559 2734 Morietur,
584 2650 774 2730 antequam
796 2648 919 2716 nubat.
1168 2674 1194 2715 ει

144 2796 307 2857 virenon
331 2816 378 2856 srr
401 2816 502 2857 norm.
549 2799 719 2858 adulescens
742 2800 820 2874 petit
842 2797 964 2872 nuptias
987 2798 1112 2872 virginis
1136 2816 1154 2855 a

188 2889 281 2961 patre.
323 2890 409 2962 pater
427 2890 552 2965 uirginis
571 2888 609 2946 ad
628 2907 748 2946 uxorem
766 2887 879 2946 retulit.
915 2887 969 2944 illa
987 2885 1154 2961 respondit:

190 2971 272 3035 ‘ante
301 2979 443 3036 morietur
474 2997 564 3052 quam
597 2977 644 3035 illi
673 2972 789 3036 nubat'.
841 2978 928 3050 pater
958 2975 1052 3033 eidem
1083 2973 1153 3032 adu·

234 3186 248 3233 1
268 3196 378 3234 versum
396 3190 450 3235 Bo
533 3183 568 3235 ab
588 3197 632 3236 eo:
651 3181 743 3235 habeo
764 3192 784 3234 o
868 3180 948 3234 tvia
968 3191 989 3233 o
1075 3185 1091 3232 4
1110 3195 1153 3233 sa-

142 3252 235 3321 pienti
253 3250 400 3306 solacium:
420 3252 555 3322 sepientis
575 3254 672 3307 datum
688 3261 742 3306 Bo
829 3252 1032 3320 ofortunuque
1051 3263 1078 3304 r:
1098 3249 1154 3304 for-

143 3327 213 3377 tune
232 3339 317 3392 quem
337 3334 367 3390 03
385 3323 498 3378 fortuna
517 3333 545 3378 B.
613 3330 629 3378 6
649 3340 708 3377 esse
728 3339 813 3378 causa
831 3332 860 3376 Β

233 3401 249 3448 9
269 3395 380 3449 titulum
398 3413 447 3450 om.
467 3404 520 3448 ιη’
538 3398 590 3462 ito,
614 3403 645 3450 ut
667 3397 775 3449 nullum
797 3397 834 3450 sit
855 3397 976 3464 spetleca
994 3395 1065 3448 iuter
1083 3393 1155 3447 duas

143 3467 360 3534 declamationes,
374 3469 421 3521 sed
430 3475 457 3518 B
469 3474 532 3522 oute
547 3467 671 3522 absentie
685 3468 789 3521 cohibet
802 3467 888 3521 micio
899 3467 1004 3534 pictum
1017 3467 1127 3536 siquam
1138 3467 1154 3518 Γ

144 3543 178 3590 17
198 3537 342 3606 agnoscite
361 3546 424 3604 1303
443 3551 543 3596 corne

234 3614 266 3662 21
286 3610 397 3664 titulum
416 3627 465 3664 ocu.
485 3619 539 3663 Bc
554 3612 585 3663 iu
603 3611 693 3679 spatio
711 3612 796 3666 unius
813 3611 901 3663 lineae
