2640 3918
429 227 733 284 nnonrurrrouns
750 227 785 296 u,
803 228 849 282 111.
1125 227 1145 292 3

141 397 221 456 nullo
243 398 394 458 inclinetis
421 401 454 457 in
476 398 584 458 vitium
612 399 717 456 animis
744 399 833 456 ruine
855 397 994 457 deformis
1023 399 1074 456 est.
1120 397 1145 456 is

85 511 98 542 ς
141 487 255 590 domurn
273 486 393 546 libidini
410 487 532 563 placuit,
555 489 587 545 in
611 506 695 562 quem
720 505 780 545 non
800 489 901 562 posset
917 487 1020 544 mariti
1043 485 1146 545 cedere

141 593 274 653 suspicio.
879 605 882 608 -

495 716 595 776 PARS
619 716 787 776 ALTERA.

203 860 330 919 Itanon
347 861 443 919 maius
462 861 507 918 est
528 863 736 936 argumentum
753 859 924 935 pudicitiae,
945 859 1024 935 quod
1041 877 1145 935 parere
1160 881 1172 920 5

139 949 252 1024 voluit,
270 968 360 1024 quum
381 948 594 1024 impudicitiae,
618 949 697 1024 quod
719 948 878 1008 infeliciter
899 945 1036 1024 peperit?
1063 947 1145 1008 vides

140 1041 258 1114 parturn
280 1038 368 1097 laesis
395 1038 520 1097 fortasse
542 1037 703 1096 visceribus
731 1055 891 1098 excussum.
936 1038 1063 1096 multum
1085 1037 1145 1096 for-

138 1129 227 1186 tunae
257 1127 347 1186 etiem
379 1128 461 1185 intre
492 1129 608 1184 uterum
643 1127 719 1185 licet.
771 1126 853 1185 vides
888 1128 1040 1204 sanguinis
1069 1126 1144 1184 vitio

138 1218 289 1292 perustum
318 1218 427 1275 cutem:
462 1216 589 1274 colorem
617 1218 720 1291 putas,
753 1215 834 1274 istud
865 1216 991 1274 fortasse
1020 1215 1145 1292 infantis

137 1307 248 1364 iniuria.
270 1309 317 1364 eet.
362 1306 414 1364 hoc
435 1306 533 1378 ipsium
559 1306 635 1378 qood
662 1306 719 1363 oltc
744 1305 922 1377 infuscatam
949 1309 1039 1362 cutem
1067 1305 1146 1362 livor
1160 1325 1186 1364 10

138 1395 254 1468 infecit,
283 1393 345 1454 dies
374 1395 480 1470 longus
508 1394 654 1452 extenuat.
700 1394 788 1452 nivea
814 1394 988 1469 plerumque
1014 1392 1145 1451 membre

138 1484 198 1542 sole
220 1484 386 1558 fuscantur,
410 1486 440 1541 et
462 1483 579 1557 corpori
600 1483 698 1557 pallor
721 1481 842 1557 excedit,
866 1484 1001 1558 quumvis
1024 1483 1146 1540 notura·

21 1597 23 1604 ·
137 1573 206 1630 liter
227 1572 324 1631 fuscos
348 1573 429 1631 ortus
448 1570 552 1630 umbra
575 1573 656 1650 cogit
679 1571 833 1631 albescere.
878 1574 996 1630 tontum
1018 1573 1147 1646 tempori

138 1659 209 1719 licet
231 1663 376 1736 quantum
399 1662 487 1736 putas
510 1661 598 1719 licere
620 1663 751 1720 natiuae.

603 1883 677 1952 ΠΙ.
710 1865 713 1872 λ

482 2024 584 2094 fiilos
606 2026 797 2094 florianus.

31 2241 34 2251 Ι
135 2175 222 2234 Miles
251 2175 340 2233 Marii
368 2174 537 2236 udrssescens
563 2174 763 2251 propinquum
789 2175 878 2234 Marii
904 2175 1058 2234 tribunum
1084 2177 1146 2233 vim

181 2264 239 2323 sibi
261 2265 436 2323 inferentem
459 2266 588 2340 peremit.
634 2281 700 2323 rcus
724 2267 768 2324 est
791 2264 895 2323 coedis.
938 2262 1003 2322 OD.

202 2440 404 2518 Propinquus,
435 2442 548 2517 inquit,
582 2442 770 2516 imperatoris
807 2443 919 2502 occisus
952 2444 1003 2500 est.
1049 2444 1146 2500 macte

134 2531 257 2604 virtute,
280 2531 455 2598 adulescens
475 2533 505 2589 et
522 2529 652 2589 Marium
671 2530 837 2590 vindicasti.
874 2531 1051 2606 ubicumque
1068 2531 1145 2605 peri-
1159 2551 1185 2590 ro

134 2619 260 2678 clitotur
282 2620 436 2696 pudicitie,
460 2637 544 2678 suom
566 2619 660 2696 legem
684 2619 780 2679 hebet.
828 2619 899 2695 quid
918 2621 988 2694 opto,
1012 2619 1145 2678 tribune?

133 2709 187 2768 titt
210 2708 342 2767 nondum
364 2710 411 2766 vir
433 2711 478 2766 est
501 2707 554 2784 qui
576 2709 671 2767 Morio
695 2709 756 2766 ium
777 2709 862 2767 miles
888 2705 954 2767 est?
975 2728 1035 2767 non
1057 2709 1145 2786 longe

133 2797 174 2855 ab
188 2816 222 2855 eo
241 2800 291 2856 est*
303 2797 397 2871 mileS,
414 2799 451 2856 ut
467 2798 626 2873 promittet
648 2798 784 2870 stuprum
801 2799 851 2871 qui
871 2799 994 2872 ropatus·
1013 2799 1144 2856 tuntum·

132 2885 223 2944 modo
241 2889 338 2963 negot.
380 2886 473 2960 crede,
491 2889 661 2961 imperator,
683 2887 761 2945 mole
780 2887 816 2945 de
834 2887 864 2944 te
883 2886 1042 2946 iudicasset
1059 2887 1144 2946 miles

131 2977 215 3048 tuos,
237 2976 264 3033 ec'
285 2975 399 3033 tricocco
411 2977 592 3049 pepercisset.
633 2975 710 3035 hanc
727 2976 789 3034 vim
813 2975 967 3050 Veryioc'cs
984 2975 1143 3050 parricidio
1158 2994 1183 3034 so

130 3064 227 3141 fugit,
261 3065 383 3138 propter
415 3063 491 3122 hunc
520 3063 659 3123 Lucretio
692 3067 796 3139 pectus
832 3082 917 3123 suurn
951 3065 1029 3123 ferro
1063 3065 1143 3138 fodit.

129 3183 347 3194 *ὑ-

225 3255 240 3303 6
259 3249 379 3304 feliciter
392 3259 500 3317 ΑΒΝ,
515 3250 556 3304 in·
570 3249 634 3305 odd.
650 3271 691 3302 ao
750 3255 765 3304 9
785 3251 905 3305 colorem
919 3252 1060 3304 —cutem
1076 3251 1092 3304 l.
1108 3255 1144 3305 10

130 3339 184 3378 om.
199 3331 231 3389 Δ,
250 3323 282 3376 io
299 3339 383 3391 morp.
402 3322 532 3388 inferiore
550 3323 613 3377 odd.
633 3343 653 3374 a
726 3326 759 3375 10
778 3321 847 3376 alte:
866 3322 908 3376 ite
925 3331 948 3374 A
1019 3321 1090 3376 livor
1106 3330 1142 3374 A:

129 3393 214 3448 labor
232 3401 286 3446 Bo
357 3397 389 3446 1³
409 3395 501 3446 orctus
519 3401 548 3445 B

224 3469 256 3518 19
276 3463 376 3532 inquid
389 3469 429 3515 Δ·
484 3466 527 3518 est
540 3465 637 3517 contro
650 3465 778 3518 mactet*
847 3469 882 3518 24
899 3466 983 3518 necat
996 3472 1055 3529 Bo,
1074 3480 1142 3519 corr.

130 3546 173 3588 oo
245 3535 395 3589 credone
464 3535 671 3589 dete:eteA
742 3534 882 3589 iudicasse
899 3543 953 3588 Bo
1027 3539 1143 3604 roper-

132 3606 209 3661 cidio
224 3616 247 3659 Δ
318 3611 352 3659 26
367 3611 431 3676 post
447 3605 553 3676 fogit2
571 3607 675 3664 litterae
689 3624 758 3677 quac
773 3612 954 3676 conponunt
972 3606 1024 3677 lect
1038 3605 1105 3676 (eff)
1120 3615 1142 3657 Α

950 3694 983 3747 1*
