2640 3918
191 225 242 280 XII
625 227 775 284 Praefatio.

414 393 451 456 A
935 395 1006 460 Bc

193 522 221 577 p.
243 503 308 578 5,1
334 504 460 562 coniecti
484 507 602 564 resuere
624 503 673 562 Pi-
727 505 780 562 rei
803 505 939 564 abiecti

335 593 412 652 thoro

193 725 210 754 „
241 681 307 753 5‚1
333 681 563 757 Tullianumque
728 681 934 740 Tullianum

193 814 210 844 ‚,
242 770 309 843 5‚5
334 770 385 828 sed
728 770 827 830 sedet

193 903 209 933 ‚‚
240 859 308 932 5‚8
333 859 429 918 adhuc
451 863 518 919 teste
535 860 651 918 Pitboeo
727 859 788 918 diu

193 993 210 1022 ‚,
241 948 457 1023 5,9liqnet.
504 949 659 1008 aestimate
727 949 879 1025 linquetur
915 951 1067 1009 aestima
1105 950 1207 1008 aliud

336 1037 447 1096 iudices
770 1030 879 1119 (liquet
902 1037 1026 1097 aestima
1049 1033 1167 1121 aliud*)

193 1170 210 1200 ,,
241 1127 332 1199 5,14
355 1127 478 1202 patiar
726 1129 813 1202 pater
836 1119 1002 1209 (paterer*)

193 1259 209 1290 ,,
241 1217 308 1288 6,2
333 1214 545 1292 apparentibus
727 1215 981 1291 aparentibus
1005 1234 1123 1275 eorum

193 1348 210 1378 ,,
242 1305 270 1379 6,
291 1307 308 1364 9
332 1304 446 1362 minas
468 1304 615 1364 venales
726 1305 846 1364 venales
869 1307 964 1364 minas

193 1438 210 1468 ,,
242 1395 331 1467 6,13
356 1392 441 1469 quid
726 1411 779 1452 om.

193 1527 210 1557 ‚,
242 1484 331 1556 6,17
356 1481 541 1541 adfectata
726 1483 836 1540 affecta

259 1642 305 1700 Ex
329 1660 386 1717 quo
410 1642 499 1700 simul
522 1644 648 1717 apparet
665 1643 839 1701 memoriam
862 1641 946 1700 illam
970 1659 1060 1716 quam
1082 1641 1208 1717 praebet

193 1732 284 1792 codex
297 1730 525 1806 vetustissimus,
544 1732 636 1789 etiam
654 1749 715 1790 esse
735 1731 990 1807 praestantiorem.
1033 1749 1091 1806 quo
1109 1731 1207 1808 magis

193 1818 352 1879 dolendum
376 1823 420 1880 est
443 1839 510 1878 eum
532 1821 596 1878 tam
619 1839 759 1880 mancum
781 1819 979 1894 mutilumque
1001 1819 1139 1879 fortunae
1161 1821 1208 1878 in-

192 1909 274 1969 vidia
296 1909 381 1968 nobis
403 1909 575 1968 innotuisse.
622 1929 676 1968 nec
698 1928 758 1968 non
786 1928 871 1986 spero
895 1927 930 1967 ex
955 1908 1010 1966 illa
1032 1908 1136 1967 tabula
1158 1929 1207 1967 me

192 1998 387 2075 probaturum
416 2016 477 2057 esse
506 1998 637 2074 reliquos
665 1999 792 2074 codices,
822 2001 856 2056 ut
884 1997 945 2056 iam
976 2015 1066 2073 supra
1094 1999 1207 2072 monui,

193 2087 323 2147 eiusdem
346 2087 469 2164 originis
492 2105 562 2146 esse.
608 2087 636 2146 ei
659 2091 759 2146 autem
782 2086 840 2146 duo
863 2087 895 2145 in
919 2105 1027 2163 genera
1050 2085 1207 2146 discedunt

193 2179 247 2252 ita,
269 2179 304 2235 ut
321 2173 366 2251 Β,
388 2176 573 2235 Monacensis
593 2177 667 2251 316,
690 2176 848 2236 Bernensis
867 2195 902 2235 ex
923 2176 1025 2234 eodem
1045 2175 1207 2252 exemplari

194 2265 273 2342 quod
303 2266 405 2324 littera
432 2288 449 2344 γ
473 2264 639 2342 significare
667 2265 770 2341 liceat,
801 2265 928 2324 derivati
958 2267 1031 2340 sint,
1060 2263 1205 2327 Cloeum

192 2357 294 2414 teneat
312 2353 500 2432 singularem.
545 2353 601 2414 hoc
618 2356 698 2414 recte
718 2357 864 2414 statutum
883 2373 945 2413 esse
965 2373 1000 2412 ex
1019 2373 1053 2412 eo
1073 2356 1207 2430 apparet,

195 2445 274 2519 quod
295 2442 342 2501 bis
359 2442 500 2502 librarius
518 2443 628 2502 codicis
651 2466 668 2522 γ
691 2444 722 2500 in
742 2442 894 2503 scribendo
912 2443 1092 2519 perticulam
1111 2461 1207 2501 exem-

192 2533 285 2609 plaris
304 2532 350 2591 sui
364 2531 473 2606 omisit,
492 2549 550 2606 quo
568 2532 682 2591 facturn
700 2535 754 2606 est,
771 2535 806 2590 ut
826 2529 907 2593 053
928 2533 1092 2592 servaverit
1109 2532 1206 2590 deela-

192 2622 351 2695 mationes,
381 2621 412 2678 in
441 2620 565 2696 reliquis
594 2624 785 2680 numerentur
814 2622 933 2680 tantum
957 2623 1007 2679 51.
1054 2621 1135 2697 quod
1161 2624 1206 2681 ita

194 2711 317 2786 explico,
339 2712 374 2767 ut
395 2709 494 2786 priore
517 2710 597 2785 loco,
620 2710 692 2769 decl.
714 2711 753 2768 31
780 2712 809 2769 et
834 2711 884 2785 32,
906 2709 958 2769 ubi
986 2710 1093 2768 desunt
1115 2710 1206 2770 verba

193 2818 234 2859 ou
247 2815 429 2873 upcosocrem
445 2819 474 2874 p.
491 2801 542 2873 27,
562 2803 602 2860 19
618 2832 662 2840 -
675 2800 832 2873 infamiam
849 2819 877 2874 p.
894 2800 944 2875 28,
960 2801 989 2874 5,
1009 2801 1061 2875 qui
1079 2799 1206 2875 scripsit,

193 2889 318 2948 nimium
340 2887 484 2946 festinans
512 2888 680 2948 columnam
706 2889 882 2964 exemplaris
910 2891 956 2948 sui
983 2881 1205 2969 transiluerit¹>

193 2979 258 3038 loeo
277 2976 448 3053 posteriore,
466 2977 520 3035 ubi
538 2976 724 3037 desideratur
742 2977 813 3036 decl.
831 2979 872 3036 45
893 2977 973 3037 oculi
991 2977 1108 3036 librarii
1125 2977 1206 3035 haud

194 3067 254 3126 scio
284 3085 323 3124 an
350 3065 553 3125 aberraverint
584 3065 621 3125 ab
638 3061 723 3127 vvoce
749 3068 944 3135 tremulos,
975 3085 993 3124 a
1017 3085 1076 3142 quo
1099 3066 1207 3142 incipit

266 3239 291 3320 1)
310 3236 381 3290 Sunt
398 3235 510 3290 litterae
524 3240 575 3290 489
589 3235 668 3289 nulla
681 3236 790 3290 ratione
804 3235 903 3290 habita
916 3235 991 3290 vocis
1006 3254 1044 3290 aa
1062 3254 1088 3305 p.
1104 3241 1147 3318 27,
1163 3241 1206 3303 19,

194 3307 644 3449 cucurtatum:
660 3323 743 3446 tt
764 3306 937 3434 illabili?
953 3305 1206 3447 causatu

192 3454 335 3521 [murrum
359 3451 435 3521 quod
460 3449 635 3522 ypraebuit.
674 3467 737 3504 cum
762 3452 856 3506 autem
882 3450 968 3505 ctiam
993 3449 1093 3504 titulus
1118 3448 1205 3503 inter·

192 3523 411 3667 1clierlgiltdxipliquid
429 3521 493 3593 plus
516 3523 603 3592 spatii
622 3525 827 3592 occupaverunt
846 3538 918 3592 quac
936 3538 1051 3577 exarare
1073 3519 1206 3576 librarius
