2640 3918
381 183 684 239 DECLAMATIONES
703 183 924 240 XXIX-XXVI.
1113 183 1156 248 23

591 399 703 468 XXV.

444 541 568 610 Fertis
589 542 659 609 due
682 541 852 625 praemia.
902 521 905 530 ’

141 671 223 730 Vneo
242 689 335 730 rorem
352 687 415 732 nvo
434 690 577 731 puerum.
615 690 780 732 uerreuvu
798 691 865 730 nux.
885 689 987 753 remu.
1005 689 1154 731 uumerus

187 779 218 818 m
241 779 318 818 nmu
345 779 533 822 rurcusruvu
560 779 762 822 nmruuervu.
809 782 844 820 ex
872 762 984 821 duobus
1012 761 1154 820 frutribus

186 866 263 907 unus
286 852 394 924 rapuit.
432 853 520 925 rupte
543 853 669 909 mertem
692 853 816 927 opterit.
861 870 957 927 poene
980 851 1075 909 diluta
1102 854 1181 910 este

187 938 265 997 ulter
286 939 405 998 fortiter
422 941 501 999 feeit.
547 943 643 1015 primo
666 943 799 1014 praemio
817 942 895 1015 petit
917 941 1019 998 fratris
1042 941 1154 998 ineolu-

186 1029 331 1086 mitatem.
372 1031 553 1103 impetrauit
595 1029 722 1088 seeundo
740 1032 846 1104 raptae
868 1031 995 1088 mertem
1013 1029 1153 1103 postulat

187 1117 280 1175 freter
303 1118 487 1177 contradicit.
818 1107 820 1120 ¹

210 1258 289 1317 Dum
312 1260 373 1318 dies
397 1261 535 1335 eomputo
559 1265 589 1318 et
613 1279 631 1318 e
653 1263 740 1335 rapta
763 1259 873 1318 bonum
897 1261 1036 1317 nuntium
1060 1278 1153 1334 spero,

141 1348 241 1408 subito
264 1350 421 1407 nuntietur
438 1350 563 1408 fratrem
581 1368 680 1406 meum
702 1350 817 1407 venisse
839 1350 990 1406 victorem.
1027 1349 1155 1423 petitum
1169 1367 1195 1406 re

141 1438 218 1495 mihi
241 1440 271 1496 et
293 1440 411 1496 veniam
429 1439 534 1513 putavi
551 1439 666 1512 pariter
685 1440 714 1495 et
732 1439 860 1511 nuptias.
906 1455 960 1495 nee
981 1437 1023 1494 dii
1046 1437 1155 1510 sinunt,

141 1528 177 1585 ut
201 1520 418 1604 eon[tr0]verso
432 1529 497 1585 iure
510 1544 565 1600 pro
579 1529 699 1600 raptore
713 1529 801 1600 rapta
816 1527 960 1584 teneatur.
1002 1525 1156 1584 Interdum

140 1617 276 1691 praestat
299 1615 337 1674 ed
360 1617 487 1693 gloriam
509 1635 569 1674 non
592 1617 704 1674 certare
728 1635 818 1690 quum
840 1617 964 1674 vincere.
1011 1633 1074 1692 ego,
1098 1617 1156 1673 nisi

141 1704 229 1762 rebus
261 1706 333 1778 ipsis
366 1704 487 1763 ostendo
518 1704 598 1778 qued
627 1706 739 1778 amavi,
769 1703 909 1762 eonfiteor
937 1704 1079 1762 iniuriam
1108 1722 1155 1762 me

142 1794 246 1851 fecisse
274 1793 352 1867 qued
379 1795 474 1868 rapui.
519 1793 567 1851 lex
594 1793 682 1851 dixit:
709 1810 832 1851 uerrou
859 1811 919 1852 rvr
946 1811 1067 1850 rurum
1094 1810 1155 1852 Avr
1170 1812 1195 1850 15

141 1899 254 1941 nchr.
295 1901 365 1959 ergo
392 1885 507 1956 raptori
535 1883 561 1941 si
586 1901 682 1957 poena
710 1882 885 1955 dimittitur,
912 1884 1000 1956 rapta
1024 1881 1154 1942 debetur.

581 2087 713 2154 XXVI.

400 2229 486 2294 Tria
508 2231 667 2312 praemia
691 2229 897 2297 secerdotie

141 2361 222 2419 Vmo
241 2377 334 2418 rourr
353 2379 520 2420 ruuumvu.
565 2379 714 2421 mcuurvu
733 2379 853 2419 rouuru
874 2378 986 2420 urerer
1007 2378 1154 2418 orruuuu.

187 2467 346 2508 sucuuuoe
369 2466 482 2508 urrrre
506 2469 677 2508 nAuuArvu
704 2469 842 2508 murrum.
890 2449 1024 2509 sacerdos
1048 2450 1195 2508 Martisue

186 2539 305 2596 fortiter
327 2538 406 2597 feeit.
451 2541 511 2597 tres
534 2538 621 2598 liberi
648 2541 710 2598 eius
737 2539 935 2598 deseruerunt.
981 2541 1072 2596 unu'm
1095 2558 1155 2598 ser-

186 2629 271 2686 vavit
293 2628 450 2706 privilegio
474 2628 645 2701 sacerdotii,
673 2629 800 2686 alterum
823 2630 955 2702 praemio
979 2629 1037 2686 viri
1059 2628 1155 2686 fortis.

187 2716 273 2775 offert
295 2735 326 2775 se
348 2736 403 2791 pro
426 2719 515 2775 tertio
538 2719 691 2775 vicarium.

208 2859 338 2919 Facilius
357 2859 455 2917 fuerat
474 2860 610 2917 amittere
628 2858 705 2917 filies
725 2877 814 2933 quam
836 2859 952 2935 eligere.
998 2859 1052 2916 hos
1077 2861 1156 2917 enim

140 2967 249 3024 pueros
277 2951 309 3006 in
344 2948 416 3022 ipsis
451 2949 540 3006 saeris
571 2948 658 3006 deum
688 2949 718 3005 et
758 2946 901 3005 altaribus
934 2947 1066 3005 educavi.
1120 2967 1154 3006 ea
1169 2965 1194 3005 re

140 3040 264 3114 propter
281 3038 370 3096 nimis
388 3035 481 3095 fretus
500 3037 618 3095 auxiliis
644 3036 765 3096 deorum
787 3037 820 3094 in
844 3037 937 3094 aeiem
956 3036 1027 3093 duxi
1049 3054 1154 3110 pueros

140 3127 239 3186 adhue
261 3128 385 3198 teneres,
409 3144 535 3200 quorum
552 3129 639 3200 pater
658 3126 730 3184 adeo
749 3127 864 3184 iuvenis
888 3124 1026 3183 iuventus
1046 3126 1098 3197 est,
1122 3127 1156 3182 ut

232 3281 247 3328 3
266 3274 468 3330 RAPTORVM
489 3285 542 3330 Be
595 3283 613 3328 4
630 3277 661 3329 in
677 3277 753 3330 diem
768 3275 845 3328 XXX
861 3287 892 3342 ος
914 3275 945 3328 iu
962 3274 1021 3328 dies
1038 3274 1114 3328 XXX
1130 3283 1158 3327 Β

141 3347 272 3401 bdeleta
285 3355 340 3401 Bo
410 3353 443 3401 14
462 3348 615 3401 confitebor
630 3359 651 3401 v
722 3353 754 3400 16
775 3347 897 3400 durate
968 3346 1121 3400 remittitur
1141 3357 1156 3396 ς

141 3421 242 3488 ruptae
260 3427 325 3485 1103
344 3435 411 3472 corr.
429 3419 476 3473 Gr.

231 3496 265 3543 22
285 3490 423 3544 secerdoti
445 3500 475 3555 03
495 3490 647 3544 sacerdotis
667 3499 695 3542 B
775 3495 808 3542 26
827 3488 916 3542 fretur
936 3499 957 3542 e
1035 3493 1068 3541 27
1088 3503 1157 3557 quo·

142 3578 206 3614 rum
224 3578 258 3615 ex
276 3568 429 3616 correctura
447 3570 476 3614 Β
