2640 3918
555 215 705 272 Praefatio.
1076 211 1139 266 Xlll

130 390 202 449 decl.
231 389 283 462 45,
320 386 359 445 ad
393 386 578 445 indemnatus
614 385 743 460 primam
778 402 880 443 vocem
917 382 1144 442 declamationis

130 478 288 554 sequentis.

196 567 242 626 Ex
256 587 274 645 y
288 561 364 624 etB
378 566 409 621 et
423 563 500 622 alius
515 563 638 638 quidam
651 561 742 622 codex
756 561 911 620 fluxenmt
945 561 1005 634 sed,
1014 559 1145 620 codicem

131 654 168 717 Β
189 656 222 714 in
243 654 382 712 manibus
404 655 552 726 tenemus,
580 653 656 710 11111
683 651 735 710 ille
762 651 853 726 periit
874 669 971 724 neque
995 651 1146 709 constaret

131 765 198 804 eum
216 761 348 818 unquam
366 741 467 816 fuisse,
490 741 549 799 nisi
567 760 602 799 ex
620 760 654 799 ec
673 741 731 798 duo
750 740 797 798 illi
816 739 868 814 qui
887 741 1011 815 restant,
1030 737 1145 798 codices

130 835 193 892 fere
211 831 339 910 gemelli,
358 829 543 890 Monacensis
563 831 626 890 316
647 831 677 888 11
694 829 861 902 Beruensis,
880 827 1021 903 descripti
1040 830 1145 886 essent.

132 922 184 998 qui
207 920 356 980 communi
374 921 490 996 origine
507 920 554 977 1111
572 918 640 977 inde
659 918 755 977 elucet
773 917 853 993 qnod
871 917 1012 976 lectiones
1036 916 1146 974 utrius-

134 1029 192 1086 que
215 1009 285 1068 libri
302 1009 477 1085 plerumque
495 1008 544 1068 vel
566 1008 598 1065 in
616 1007 751 1066 minutiis
770 1005 1007 1084 orthographicis
1027 1023 1146 1065 consen·

132 1101 223 1160 tiunt.
258 1102 382 1173 uterque
396 1096 472 1156 liber
485 1097 517 1154 in
531 1095 724 1171 inscriptione
739 1095 839 1154 omisit
852 1094 956 1155 verba:
970 1097 1102 1166 11111111
1116 1093 1148 1154 Χ

132 1189 277 1248 rhetorum
298 1189 453 1254 1111111111,
476 1189 601 1260 uterque
623 1185 729 1245 titulos
752 1183 1001 1244 declamationum
1026 1178 1146 1242 1214.

134 1279 273 1338 39—44.
294 1277 346 1349 47,
366 1277 406 1334 49
431 1276 463 1332 in
485 1271 556 1336 BC
576 1273 684 1333 omissa
710 1272 845 1349 praebet,
875 1275 907 1332 in
934 1277 1060 1347 utroque
1088 1272 1147 1332 sin-

135 1366 213 1444 gulis
243 1362 508 1424 declamationibus
536 1365 569 1422 in
598 1363 732 1440 margine
761 1363 876 1421 numeri
910 1361 1039 1438 appositi
1070 1364 1148 1420 sunt.

135 1455 216 1531 quod
238 1456 347 1514 attinet
370 1453 408 1513 ad
430 1453 572 1512 lectiones
596 1451 710 1512 duobus
729 1452 790 1510 illis
813 1450 897 1512 libris
920 1452 1064 1528 proprias,
1088 1453 1148 1510 sta·
1195 1467 1197 1471 ’

134 1543 277 1603 tuendum
301 1545 345 1602 est
369 1543 498 1620 genuina
524 1541 615 1600 rerba
638 1542 803 1618 scriptoris,
832 1541 904 1599 licet
930 1541 1026 1599 multa
1049 1541 1149 1598 errata

135 1632 293 1692 emendata
315 1633 385 1705 sint,
408 1631 585 1690 coniecturis
608 1631 766 1705 inquinata
789 1647 859 1690 esse.
905 1631 949 1689 ita
973 1629 1012 1687 ad
1034 1619 1149 1688 emacu-

135 1722 226 1781 landa
249 1721 432 1796 reliquorum
462 1719 597 1779 codicum
624 1721 700 1778 vitia
724 1719 947 1795 aliquantillum
969 1719 1084 1792 valent,
1111 1717 1151 1776 ad

136 1809 370 1886 recuperandam
387 1808 514 1868 formam
529 1809 683 1884 archetypi
696 1810 791 1886 magis
810 1810 955 1867 sinceram
970 1827 1060 1883 quam
1074 1825 1150 1882 quae

138 1919 173 1958 ex
195 1897 232 1960 Β
238 1896 266 1960 C
289 1900 353 1958 erui
374 1900 482 1974 potest,
504 1899 549 1956 nil
570 1898 680 1956 valent.

203 1987 303 2046 Unum
326 1986 411 2046 addo.
444 1988 497 2062 qui
518 1984 555 2047 Β
578 1989 609 2045 11
630 1987 809 2046 Bernensem
831 1988 910 2044 inter
940 2005 970 2044 se
998 2002 1149 2061 compara-

135 2078 226 2154 verit,
255 2095 324 2136 mcx
353 2077 486 2135 inveniet
512 2076 558 2134 ita
584 2077 766 2135 correcturas
795 2075 902 2134 codicis
932 2072 969 2135 Β
991 2073 1028 2132 ab
1056 2073 1151 2132 altera

136 2185 228 2224 manu
250 2166 345 2224 factas
371 2183 443 2240 quas
467 2163 488 2224 b
511 2165 613 2223 littera
636 2163 845 2242 significamus,
868 2183 937 2223 cum
959 2162 1056 2222 verbis
1079 2163 1150 2220 Ber·

137 2255 236 2314 nensis
271 2273 444 2332 congruere,
472 2254 506 2312 ut
532 2255 599 2312 luce
628 2254 738 2312 clarius
769 2255 808 2313 111
836 2255 889 2312 ant
915 2253 1094 2311 Beruensem
1117 2270 1152 2310 ex

138 2340 175 2403 Β
198 2343 378 2419 descriptum
402 2361 473 2416 esse,
496 2344 655 2418 postquam
679 2343 801 2426 alterins
824 2361 929 2401 manus
957 2343 1152 2400 correctiones

137 2434 235 2492 factae
262 2434 345 2507 sunt,
374 2434 428 2491 aut
449 2429 486 2492 Β
508 2434 613 2509 postea
636 2451 670 2490 ex
693 2432 836 2490 Beruensi
858 2449 920 2490 esse
951 2421 1151 2509 correctum.¹)

139 2523 266 2580 alteram
289 2523 496 2595 coniecturam,
519 2541 624 2596 nempe
644 2540 717 2596 eam,
736 2517 773 2580 Β
791 2539 825 2579 ex
843 2519 987 2578 Bemensi
1005 2537 1067 2578 csse
1090 2536 1153 2577 cor-

138 2612 260 2683 rectum,
280 2627 341 2670 1111
359 2629 469 2684 veram,
487 2610 557 2669 inde
576 2609 712 2684 efficitur,
726 2610 805 2684 quod
824 2609 896 2668 decl.
914 2609 954 2666 23
970 2601 1012 2688 (p.
1029 2610 1079 2682 21,
1096 2598 1152 2687 27)

138 2697 175 2760 Β
197 2699 298 2758 omisit
327 2698 430 2758 verba:
461 2703 487 2756 11
515 2717 564 2773 epo
594 2699 671 2758 dico·
694 2693 786 2758 ‘meas
813 2693 874 2766 est’,
898 2697 919 2758 b
943 2700 974 2755 et
995 2697 1154 2756 Beruensis

139 2807 175 2848 ea
192 2787 343 2863 praebent.
380 2806 447 2846 cum
472 2791 572 2846 autem
590 2789 748 2848 Bernensis
773 2788 857 2846 nullo
877 2788 936 2846 alio
955 2786 1032 2846 libro
1049 2804 1153 2844 mann-

139 2879 250 2952 scripto
282 2875 416 2935 adhibito
443 2877 617 2937 emendatus
648 2879 710 2937 sive
740 2880 841 2952 potins
873 2874 1154 2951 interpolationibus

139 2967 297 3040 corruptus
321 2957 402 3045 sit2),
425 2984 541 3025 necesse
565 2970 610 3025 est
630 2966 720 3025 verba
738 2967 793 3024 1111
816 2968 849 3024 iu
867 2963 904 3026 Β
922 2983 1020 3024 errore
1044 2965 1154 3024 omissa

142 3085 357 3096 ———-

214 3154 239 3221 1)
259 3151 424 3220 salvener,
444 3153 622 3222 quaestiones
636 3151 843 3222 Calpurnianae
861 3171 887 3222 p.
904 3160 920 3207 5
939 3152 988 3221 qui
1002 3151 1075 3206 falso
1090 3167 1154 3204 con·

139 3223 234 3279 tendit
251 3233 280 3276 B
296 3241 330 3278 ex
347 3223 508 3292 Monacensi
528 3230 580 3279 316
599 3240 658 3279 1111
678 3227 839 3279 correctum.

214 3297 241 3364 2)
259 3293 334 3348 Nam
352 3295 443 3349 titulis
469 3295 527 3350 illis
549 3296 580 3349 in
605 3296 745 3350 communi
770 3295 945 3350 Monacensis
964 3300 1016 3348 316
1043 3296 1071 3348 11
1089 3294 1156 3348 Β11-

140 3366 236 3420 nensis
255 3365 333 3419 fonte
352 3367 490 3436 suppletis
509 3367 680 3422 contrarium
697 3383 755 3420 non
778 3367 920 3420 evincitur.
958 3366 1111 3435 potuerunt
1129 3364 1156 3419 ei

141 3436 211 3492 addi
229 3453 315 3506 opera
337 3453 394 3490 non
419 3437 535 3492 difficili.
574 3437 697 3508 appositi
721 3439 787 3492 sunt
809 3437 906 3493 eodem
930 3435 1046 3492 consilio
1071 3438 1156 3503 atque

140 3509 253 3564 ratione
271 3524 326 3578 quc
344 3508 453 3564 numeri
472 3510 724 3578 adnotationesqne
743 3509 822 3564 cuins
841 3509 871 3563 in
888 3527 970 3563 usum
987 3507 1156 3563 declamatio

142 3580 250 3650 scripta
260 3596 321 3636 cese
330 3579 461 3650 fingatur,
475 3582 520 3636 cui
534 3581 672 3651 plurimae
686 3597 798 3650 qnoque
811 3581 1042 3650 interpolationes
1053 3577 1156 3634 deben-
