2640 3918
523 1054 759 1132 Praefatio.

591 1232 698 1240 .—

205 1343 352 1418 llxoerpta
385 1361 420 1401 ex
449 1341 604 1419 Calpurnii
631 1343 732 1403 Flacci
763 1342 1027 1404 declamationibus
1059 1345 1149 1419 facta,

139 1435 174 1490 ut
195 1433 395 1492 insererentur
421 1432 589 1492 collectioni
616 1431 734 1491 cuidam
761 1431 861 1491 decem
883 1425 1066 1514 rhetorum¹)
1090 1452 1149 1508 qna

139 1520 368 1581 continebantur
394 1523 425 1580 at
448 1519 575 1581 Senecae
602 1520 832 1581 declamationes
862 1523 892 1580 et
918 1522 1148 1582 declamationes

139 1611 268 1669 minores
300 1608 485 1679 Quintiliano
523 1609 699 1684 attributae,
736 1611 866 1686 quinque
903 1611 1052 1671 codicibus
1089 1630 1148 1670 ser·

138 1700 210 1760 vata
232 1701 309 1758 sunt

206 1787 338 1858 Quorum
365 1789 591 1866 antiquissimae
621 1792 667 1847 ost
693 1787 784 1847 codex
814 1788 1203 1865 MontepossulanusA

139 1877 252 1937 latinus
274 1876 472 1937 bibliothecae
490 1877 607 1936 scholae
625 1877 757 1937 medicae
774 1877 805 1935 H
825 1879 886 1936 126
907 1870 982 1959 (A),
1004 1878 1150 1937 membra-

139 1984 247 2026 naceus
266 1967 379 2025 formae
398 1965 561 2041 quadratae
579 1958 635 2046 (27
648 1985 655 2024 :
667 1967 707 2026 23
728 1958 797 2048 cm),
815 1966 955 2025 foliorum
975 1968 1036 2026 116
1056 1968 1149 2039 linea-

138 2075 206 2114 rum
230 2056 281 2130 38,
304 2055 415 2115 saeculi
431 2055 466 2114 X.
490 2056 523 2112 in
540 2056 676 2132 margine
693 2056 834 2122 inferiore
851 2057 1030 2134 paginarum
1046 2073 1149 2116 versae

139 2145 207 2204 folii
237 2144 328 2220 primi
362 2146 392 2202 et
422 2147 521 2202 rectae
557 2144 624 2202 folii
659 2144 781 2204 alterius
813 2163 918 2204 manus
949 2145 1062 2204 saeculi
1091 2145 1150 2204 XII

139 2235 273 2292 exeuntis
308 2234 440 2308 scripsit:
476 2227 578 2290 ‘Liber
607 2231 710 2292 Sancti
738 2233 911 2294 Theoderici
933 2235 1082 2293 auferenti
1110 2236 1151 2294 sit

140 2315 309 2380 anathema’
338 2316 404 2396 (bit
431 2315 599 2380 anathema'
629 2321 666 2380 ab
699 2321 760 2380 alia
786 2341 878 2381 manu
904 2325 937 2381 in
968 2341 1072 2382 rasura
1099 2322 1150 2382 ad·

141 2402 228 2490 dita).
288 2409 395 2485 quibus
436 2409 490 2470 sub
526 2409 624 2470 verbis
665 2429 683 2469 a
719 2428 811 2469 manu
850 2413 946 2470 multo
987 2413 1150 2472 recentiora

140 2491 230 2582 (saec.
248 2499 304 2557 XV
326 2500 375 2558 vel
402 2491 488 2580 XVI)
512 2502 665 2558 armatum
690 2500 814 2577 legitur:
845 2495 892 2558 ‘ex
917 2500 1002 2560 libris
1031 2501 1152 2579 collegii

139 2590 266 2648 oratorii
288 2582 452 2648 Trecensis'
476 2605 530 2647 neo
553 2607 614 2647 non
637 2607 746 2647 nomen
770 2589 803 2648 P.
821 2589 927 2647 Pitboc
952 2581 1021 2669 (hac
1039 2582 1150 2670 forms)

141 2697 159 2736 a
188 2677 276 2737 Petro
303 2676 427 2736 Pithoeo
454 2675 526 2736 IOto
559 2669 772 2759 (leae-ao)
798 2679 865 2754 ipso
899 2680 1043 2754 scriptum
1071 2678 1151 2755 quod

141 2768 258 2842 saepius
280 2768 313 2823 in
336 2764 413 2825 libro
440 2768 575 2825 occurrit.
621 2766 700 2825 unde
727 2766 803 2826 liber
825 2766 883 2826 sibi
905 2768 1078 2844 innotuerit,
1100 2768 1150 2826 Pi·

139 2856 245 2914 thoeus
267 2856 300 2913 in
322 2855 506 2929 praefatione
525 2855 664 2914 editionis
682 2874 753 2914 suae
771 2857 834 2930 ipse
858 2860 986 2931 enarrat,
1008 2857 1060 2915 ubi
1077 2858 1151 2934 legi·

140 2961 206 3003 mus
236 2963 305 3002 eum
333 2943 533 3004 recensionem
559 2944 643 3002 illam
669 2963 790 3019 parasse
818 2939 886 3020 ‘ope
919 2949 1008 3021 atque
1039 2946 1150 3004 auxilio

140 3032 334 3094 vetustissimi
361 3032 537 3107 exemplaris
565 3031 646 3107 quod
673 3030 715 3092 Ol.
738 3033 864 3092 Falcctii
892 3026 1150 3116 (mac—1601),

140 3121 325 3180 Monetan'ae
350 3123 448 3180 curiae
471 3120 620 3180 Praesidis
640 3167 646 3179 .
667 3166 673 3178 .
693 3168 699 3180 .
718 3120 859 3182 beneficio
884 3168 943 3181 ...
968 3116 1150 3198 acceperim'.

141 3210 213 3270 olim
242 3209 350 3271 codicis
380 3211 498 3288 signum
526 3209 558 3268 in
588 3209 768 3270 bibliotheca
797 3210 1057 3288 Montepessulana
1087 3213 1151 3270 crat

140 3299 202 3359 IA
223 3302 272 3360 17.
309 3298 441 3358 continet
463 3299 554 3359 codex
572 3299 623 3358 fol.
645 3300 751 3358 1-88
771 3299 999 3360 declamationes
1022 3301 1150 3359 minores

213 3490 238 3556 1)
257 3487 299 3541 De
318 3487 397 3541 cuius
419 3487 513 3541 indole
537 3489 622 3556 atque
644 3489 745 3542 natura
763 3485 853 3541 fusius
876 3503 960 3557 agere
982 3487 1035 3541 hoc
1054 3502 1071 3540 a
1089 3486 1150 3542 loco

141 3558 265 3614 alienum
283 3560 333 3612 est.
663 3555 666 3564 '
