2640 3918
181 210 203 273 4
519 207 713 264 cALPchH
731 209 857 265 mccl

181 379 276 439 Pudet
305 398 366 453 me,
401 380 577 455 imperator:
613 381 741 440 feminae
774 382 913 457 exemplis
945 382 1068 442 militem
1099 384 1191 442 tueor.

183 470 335 544 struprum
362 469 492 529 minutus
519 471 565 528 est
591 468 683 528 militi
709 466 783 528 tuo?
809 471 906 531 minus
934 473 979 531 est
1006 471 1085 546 quod
1106 470 1191 530 nobis

184 556 296 615 Cimbri
317 558 477 616 minantur.

540 725 640 785 PARS
663 725 830 786 ALTERA.

157 898 168 937 5
248 867 334 927 Miles
352 870 432 942 tuus,
449 870 619 943 imperator,
642 871 703 927 ium
721 870 838 946 cliqm'd
856 870 997 944 impudici
1014 870 1099 928 babet
1115 870 1192 943 quod

183 956 222 1016 ed
236 957 448 1033 impudicitiam
466 958 572 1032 placet.
614 963 645 1016 tu
663 958 798 1036 gladium
811 959 1014 1018 commilitonis
1032 959 1075 1016 tui
1089 975 1191 1018 cruere

182 1047 300 1106 timuisti
323 1064 411 1122 quem
432 1047 504 1105 sctis
525 1047 585 1120 fuit
606 1048 722 1106 mmurt.

658 1297 719 1365 IV.

411 1437 598 1505 Parricida
621 1455 799 1506 carcerem
818 1449 971 1524 peteme.

145 1610 170 1648 ιο
185 1589 356 1648 Duuuurvs
378 1605 547 1647 rusmcmn
567 1605 649 1648 Auso
674 1606 885 1648 cvsromrrm.
922 1591 975 1666 qui
995 1590 1048 1650 sub
1066 1607 1194 1649 noverca

228 1679 386 1737 damnatus
405 1679 458 1750 est,
476 1676 641 1736 cultillum
654 1682 741 1752 puter
758 1679 837 1738 domi
851 1678 1005 1738 custodire.
1041 1677 1090 1738 uu
1107 1679 1191 1754 petit,

228 1770 263 1825 ut
284 1766 400 1842 publico
423 1783 537 1824 carcere
559 1769 697 1825 seruetur.

250 1943 349 2003 Iubete
381 1946 598 2017 quaumrimum
634 1945 672 2003 sd
702 1945 772 2004 illus
802 1963 847 2004 me
876 1947 1032 2019 impiorum
1062 1945 1195 2003 tenebras

184 2033 278 2107 trahi3
305 2033 395 2092 liceat
417 2033 576 2108 impetrare
595 2035 684 2109 cuod
711 2051 772 2092 nem
798 2034 868 2092 licet
890 2051 1032 2093 recusare.
1079 2050 1127 2108 eqo
1145 2051 1195 2114 ¹me

145 2144 170 2183 15
184 2139 326 2197 umquam
356 2122 502 2182 crederem
528 2126 588 2182 tum
610 2123 771 2198 infelicem,
801 2124 835 2181 ut
861 2122 935 2180 mihi
965 2123 1073 2198 aliquis
1103 2123 1195 2181 etiem

185 2229 331 2270 carcerem
344 2207 499 2270 invideat?
530 2230 642 2284 parum
660 2213 706 2270 est
723 2211 780 2270 tibi
793 2213 826 2270 iu
844 2213 990 2270 cruciatus
1003 2229 1084 2270 meos
1099 2229 1194 2269 annus
1220 2211 1223 2218 “

185 2302 215 2359 et
237 2318 348 2375 carcer,
375 2301 499 2374 vereris,
529 2319 566 2358 ne
596 2319 683 2375 quem
710 2301 855 2378 gemitum
884 2301 985 2359 miseri
1011 2318 1097 2359 aures
1123 2301 1195 2358 tuse

184 2386 332 2465 perdunt?
360 2407 397 2448 nc
425 2407 486 2447 mou
520 2388 645 2467 cingulis
679 2391 830 2448 tormentis
861 2391 931 2448 meis
966 2390 1084 2464 paterni
1115 2388 1196 2447 oculi

185 2475 344 2536 fruantur?
370 2497 420 2553 me,
442 2477 544 2537 laxata
568 2477 700 2546 uincula,
728 2478 817 2552 desit,
845 2479 897 2552 qui
924 2475 1090 2555 astringat?
1134 2495 1195 2536 non

146 2588 172 2627 rc
186 2569 270 2643 potes
294 2567 435 2628 adversus
458 2566 628 2625 damnatum
650 2568 715 2626 iure
737 2569 831 2642 patris
855 2569 913 2625 uti:
938 2569 999 2625 ium
1020 2586 1080 2626 non
1102 2566 1196 2624 larem

185 2655 292 2730 babeo,
319 2674 378 2714 mm
404 2672 532 2724 seruum,
559 2674 620 2715 mon
642 2657 771 2731 patrem,
799 2674 842 2729 cc,
871 2674 909 2714 ue
936 2655 1110 2714 damnatum
1132 2673 1195 2714 esee

185 2746 346 2822 paeniteat,
368 2764 428 2804 non
451 2762 615 2804 novercam.
656 2744 742 2804 video
766 2763 910 2804 carcerem
934 2744 1091 2819 publicum,
1113 2745 1195 2802 cacis

185 2835 347 2908 tuymtibue
365 2833 513 2907 structum,
532 2835 666 2911 angustis
684 2834 878 2893 foraminibus
896 2836 1016 2892 tenuem
1033 2834 1107 2892 lucis
1130 2853 1195 2890 um-

277 3061 291 3109 1
310 3055 443 3109 feminee:
462 3073 491 3108 m
505 3072 538 3110 eu
555 3061 710 3111 correctura
723 3065 746 3108 Δ
818 3061 834 3109 1
852 3054 981 3108 militi-
992 3058 1035 3110 eet
1049 3073 1098 3112 cm.
1113 3064 1145 3120 A,
1163 3057 1197 3109 iu

186 3145 271 3200 muru.
291 3128 355 3182 add.
374 3148 394 3179 a
466 3131 481 3180 7
501 3127 613 3181 cinxisti
634 3137 654 3180 c

277 3203 292 3251 9
310 3197 451 3280 penicidc
461 3229 494 3237 —
504 3201 602 3268 petens
616 3216 666 3253 cm.
682 3207 740 3266 Bc,
759 3201 792 3253 im
803 3208 827 3252 'c
838 3199 959 3268 epatium
977 3199 1058 3254 titulo
1071 3198 1197 3253 relictum

189 3275 221 3324 12
239 3270 356 3340 pubncc
375 3280 398 3322 A
470 3273 504 3322 14
521 3286 579 3324 non
596 3269 646 3323 ml.
661 3269 803 3340 Secutum
873 3269 906 3323 tu
918 3279 941 3322 Δ
959 3270 1045 3336 fussee
1063 3283 1196 3324 excusare

187 3377 317 3432 Pithoeus
335 3378 458 3444 affirmat
540 3382 572 3430 16
591 3357 666 3432 mebs
681 3387 703 3429 Α
792 3391 880 3430 annos
898 3385 952 3431 Bc
1040 3380 1072 3430 17
1092 3376 1196 3430 vereris
1308 3423 1309 3426 ,

186 3459 295 3517 sumu
338 3465 392 3518 que
406 3466 444 3503 au
458 3448 565 3517 quita
618 3452 649 3502 11
664 3447 759 3502 miseri
768 3447 825 3502 mei
833 3447 969 3518 gemitum
978 3457 1032 3502 Bc
1078 3451 1110 3501 19
1124 3463 1196 3502 non:

186 3530 284 3574 ncsfl
362 3521 574 3575 20icmcm.A
656 3519 989 3586 tunonmn.d‚udditc
1031 3520 1036 3531 ¹
1091 3536 1197 3586 ‚vcca-

187 3591 281 3647 bulum
298 3593 452 3663 cumpletum
469 3608 526 3648 mm
541 3597 629 3662 potest
646 3593 699 3662 leci
713 3597 826 3660 propter
843 3591 940 3657 folium
957 3592 1027 3646 muti
1067 3607 1114 3646 mu
