2640 3918
163 219 206 282 16
496 217 691 274 CALPVRNII
709 216 835 272 mccl

229 387 324 446 Reum
354 387 450 446 caedis
480 388 567 446 unius
598 405 711 447 arcesso
738 388 790 462 qui
817 386 889 446 duos
918 388 1032 461 pariter
1056 386 1172 446 occidit.

164 476 261 536 aditus
292 476 361 535 huic
393 495 442 534 reo
479 475 698 536 misericordiae
734 476 851 534 clausus
883 477 935 535 est.
990 475 1062 551 quid
1094 477 1173 535 enim

164 583 281 640 sperare
309 566 421 640 poterit
444 584 462 623 a
484 565 622 624 lacrimis.
667 567 783 624 iuvenis
806 565 898 622 etiam
927 564 1003 624 facie
1031 564 1173 638 liberalis,

164 654 282 730 qualem
304 672 389 712 nemo
412 673 472 713 non
495 651 552 713 sibi
574 655 628 712 aut
647 653 743 712 filium
765 653 860 728 optat,
883 655 936 711 aut
958 672 1106 731 generum.
1147 656 1173 712 is

136 762 231 802 scum
252 743 370 818 puellae
392 745 507 818 peteret
533 744 666 818 nuptias,
694 742 745 802 diu
772 744 888 818 peteret
914 744 945 800 et
970 744 1032 802 iam
1055 759 1173 818 sperma

163 833 315 908 coepisset,
334 831 489 891 festinavit
501 834 538 890 ut
551 833 668 890 amator
681 833 712 890 et
722 863 763 872 -
775 831 846 906 quid
860 830 957 890 dicam
967 832 1121 907 -rapuit
1135 850 1174 890 an

164 921 256 979 duxit.
302 922 401 998 virgo,
423 921 502 995 quod
526 922 621 980 solum
642 921 751 997 potuit,
780 920 856 978 nihil
880 922 984 994 questa
1007 921 1060 980 est
1106 922 1173 995 quis

163 1029 223 1068 non
244 1009 402 1083 inhorruit,
426 1011 492 1084 quis
514 1011 613 1069 tecum
630 1010 731 1084 puella
753 1027 813 1068 non
835 1006 940 1068 flevit?
979 1009 1060 1068 dicat
1081 1028 1173 1068 nnnc:

163 1098 305 1157 libuit-et
327 1099 421 1158 licuit.
462 1100 545 1158 cuius
567 1098 649 1172 haec,
672 1117 711 1157 an
733 1099 811 1176 regis
830 1099 926 1156 oratio
945 1095 1011 1156 est?
1032 1117 1086 1158 nec
1109 1100 1174 1158 erat

124 1206 150 1245 10
164 1187 275 1246 arbiter
306 1187 409 1247 iudicii
439 1189 485 1246 sui
514 1187 565 1247 sad
596 1188 731 1246 minister
762 1187 859 1245 alieni.
905 1188 1014 1260 tacuit,
1040 1189 1172 1262 inquam.

163 1295 181 1335 ο
203 1278 280 1336 mira
302 1280 333 1335 et
355 1278 439 1336 muta
457 1277 612 1335 sententia.
656 1293 758 1335 omnes
776 1277 874 1336 sciunt
896 1275 1034 1334 lacrimas
1057 1295 1092 1334 ex
1115 1295 1174 1335 uno

163 1365 382 1425 misericordiae
409 1366 491 1424 fonte
520 1383 653 1440 manare,
680 1366 713 1423 in
740 1383 840 1424 amore
862 1365 911 1422 vel
932 1366 1074 1439 maxime,
1103 1383 1174 1424 nam

162 1454 257 1514 isdem
283 1455 375 1513 oculis
403 1453 509 1531 quibus
538 1457 669 1528 amatur,
696 1455 727 1513 et
753 1453 847 1512 fletur.
889 1455 979 1512 miser
1005 1443 1060 1511 ille
1085 1472 1173 1529 quam

163 1543 246 1602 nullo
270 1544 439 1602 accusatore
460 1545 588 1618 punisti,
615 1536 751 1602 miserior
777 1543 831 1600 illa
857 1559 946 1617 quam
968 1543 999 1600 te
1021 1542 1174 1602 vindicare

124 1650 149 1690 rs
164 1633 319 1691 simulasti.
366 1633 432 1706 quis
454 1634 498 1706 te,
521 1651 585 1705 ero,
607 1633 719 1706 poterit
746 1633 799 1690 aut
825 1630 952 1690 liberare
978 1630 1098 1690 flentem
1121 1633 1175 1690 aut

163 1721 232 1780 flere
255 1718 449 1780 damnatum?

609 1871 726 1940 xv11.

432 2014 663 2098 Paadagcgns
686 2014 896 2082 cmciarins.

164 2162 336 2224 Omrarau
357 2179 547 2224 rmnsumvs
566 2179 721 2223 vsvaenus
739 2181 868 2222 varran.
904 2182 1018 2239 pauper
1038 2165 1069 2223 et
1091 2163 1173 2224 dives

123 2272 150 2312 ae
207 2254 323 2316 inimici
345 2254 403 2313 visi
425 2255 495 2312 sunt
511 2255 544 2311 in
567 2254 696 2330 gratiam
720 2253 837 2313 redisse.
883 2271 997 2328 pauper
1019 2255 1174 2313 aecusatus

207 2342 429 2420 peregrinitatis
463 2343 553 2401 venit.
599 2343 672 2400 emit
704 2361 771 2400 eum
800 2341 882 2401 dives
912 2344 942 2400 et
968 2343 1175 2420 paedagogum

207 2431 269 2490 filio
292 2431 382 2491 dedit.
428 2430 597 2490 adulescens
619 2432 652 2489 in
676 2430 821 2490 adulterio
840 2430 1037 2506 deprehensus
1060 2432 1174 2490 occisus

208 2521 260 2580 ast.
302 2522 402 2598 agitur
430 2519 620 2598 paedagogus
649 2521 682 2578 in
712 2538 834 2579 crucem.
877 2520 1011 2595 appellat
1038 2519 1173 2579 tribunos

208 2609 244 2668 de
266 2611 377 2669 iniusto
400 2609 553 2685 supplicio.

125 2787 151 2826 as
232 2769 391 2844 Equidem,
427 2769 551 2842 iudices,
589 2769 754 2843 propitium
789 2768 865 2826 mihi
900 2767 1024 2826 divitem
1060 2785 1175 2843 semper

164 2859 279 2933 optavi:
308 2860 406 2916 tetum
428 2877 476 2916 me
503 2857 604 2917 divitis
631 2856 701 2916 fidei
723 2859 766 2933 et,
796 2859 866 2916 ante
894 2875 983 2932 quam
1005 2857 1174 2931 redimerer‚

163 2946 271 3005 addixi.
313 2946 401 3006 audie
423 2964 471 3005 ma
494 2946 591 3006 subito
609 2948 806 3024 peregrinum,
830 2946 909 3021 quod
926 2963 980 3004 nec
1001 2947 1088 3020 pater
1109 2945 1174 3021 ipse

163 3053 217 3094 nec
239 3037 335 3094 mater
353 3035 513 3111 aliquando
531 3035 711 3111 prodiderat,
734 3053 788 3094 nec
808 3034 934 3109 denique
952 3053 1094 3109 umquam
1116 3035 1173 3093 ini·

163 3127 257 3184 micus
287 3125 368 3184 dives
396 3124 551 3184 obiecerat.
592 3123 654 3182 filio
679 3143 726 3183 me
757 3123 908 3184 luxurioso
937 3125 999 3181 iam
1031 3125 1062 3183 et
1087 3126 1173 3200 petu-

254 3312 356 3380 lquid
370 3329 418 3367 vos
432 3321 495 3377 ⁸⁶3
514 3322 614 3366 cerm
668 3309 827 3374 tfacich
879 3309 1007 3380 equalis
1025 3319 1056 3376 ος
1075 3309 1172 3379 quales

163 3391 192 3436 B
261 3386 404 3453 tpcteres
423 3382 537 3452 nuptias
554 3393 575 3436 ι’
644 3379 693 3434 diu
711 3382 880 3451 peterentB
951 3380 1172 3449 leinquit1103

163 3457 376 3511 ceraPirlroeas
447 3460 653 3508 lamanasse
722 3461 889 3506 amarant*

254 3532 286 3580 19
305 3529 405 3582 veneat
424 3539 451 3581 s:
470 3526 566 3580 veniat
583 3534 637 3581 Μ’
711 3529 744 3578 28
762 3522 912 3579 tribuum?
931 3534 953 3578 v
1027 3528 1060 3577 2?
1080 3523 1172 3578 subito

163 3615 197 3653 ea
214 3600 287 3652 -tum
305 3607 333 3652 B
