2640 3918
186 184 205 248 8
521 184 715 250 CALPVRNII
732 185 858 242 FLAGOI

183 355 291 413 misere
317 354 438 430 temque
471 353 629 414 crudeliter
657 355 778 430 punitos
809 356 903 432 hostis
935 375 995 415 non
1022 357 1194 417 vindicavit.

183 441 331 518 Pauperes
350 445 444 517 erant,
462 444 571 518 inquit,
589 445 620 502 et
637 443 703 502 ideo
721 446 844 519 potuere
863 447 1019 522 eomrmpi.
1061 465 1124 524 age,
1143 449 1196 522 qui

182 533 277 590 nesoit
310 531 379 590 illos
412 532 480 591 ideo
514 534 624 608 perisse
659 533 739 609 quod
768 533 891 594 divitias
923 536 1013 594 nimis
1050 533 1195 596 oderant?

183 639 271 696 super
293 622 393 698 ignem
417 639 522 696 eorpus
546 621 722 698 extenditur,
748 624 778 681 et
800 625 880 681 irato
900 624 1076 698 imperatori
1097 626 1195 684 tortor

156 728 243 769 enon
265 709 389 768 suffieit:
411 711 518 784 uritur,
541 713 572 769 et
591 711 711 788 flagella
732 712 851 788 ignibus
870 713 1058 772 adiuvantur.
1105 732 1194 789 quae

181 800 249 857 ritis
278 796 412 858 exitum?
440 801 623 878 pernegavit.
672 802 770 860 tortor
800 803 939 860 inimious
968 804 1083 876 tamen,
1115 801 1194 878 quod

182 887 351 964 quaerebat,
369 889 485 947 invenit
502 907 557 948 nos
574 889 750 965 proditores,
774 890 827 964 qui
843 909 899 966 pro
916 893 956 965 te,
973 893 1083 966 patria,
1101 893 1194 952 etism

182 976 235 1034 sub
258 977 317 1035 isto
340 977 544 1038 militavimus.

539 1172 640 1231 PARS
663 1172 833 1232 ALTERA.
862 1229 863 1232 ,

142 1316 166 1355 1o
247 1296 346 1375 Negas
378 1298 510 1371 potuisse
544 1296 714 1373 eorrumpi?
746 1317 892 1374 pauperes
921 1299 1049 1358 fluerunt.
1101 1317 1193 1378 neges

180 1385 309 1444 voluisse
339 1383 482 1461 prodere?
512 1387 635 1445 inimici.
682 1387 752 1446 Non
780 1405 901 1463 possum
928 1387 985 1447 tibi
1013 1388 1192 1464 proditionis

182 1477 390 1552 argumentum
412 1474 516 1533 afferre
538 1477 731 1550 praesentius,
778 1475 926 1544 Quamdiu
948 1479 1057 1552 vixere,
1078 1497 1191 1556 pugna·

179 1565 246 1624 tum
268 1565 320 1622 est.
363 1581 430 1621 oum
452 1564 527 1622 mihi
546 1566 652 1624 civitas
672 1565 828 1625 mandaret
849 1568 1009 1640 imperium
1032 1586 1090 1641 quo
1112 1567 1195 1626 malo

181 1651 341 1726 laboraret,
363 1652 518 1711 intellexit.
560 1655 771 1728 imperatorem
793 1673 840 1713 me
863 1655 935 1713 feeit
957 1657 1103 1716 inimicus.

140 1903 165 1943 15
199 1856 202 1864 γ
634 1875 736 1945 VIII.

432 2017 585 2086 Demens
607 2019 666 2086 ter
687 2019 933 2103 triumphalis.
1034 2093 1036 2096 .

180 2149 237 2208 Ter
259 2151 460 2225 triumphalis,
483 2153 529 2210 tor
547 2151 719 2224 consuleris,
742 2170 809 2210 oum
827 2152 950 2211 haberet
967 2153 1076 2212 liberos
1099 2172 1191 2229 aeque

223 2240 271 2297 ter
291 2239 497 2314 triumphales,
519 2240 566 2297 ter
587 2239 764 2314 consulares,
787 2241 942 2316 suspendit
963 2259 1001 2300 se.
1047 2240 1191 2302 liberatus

225 2346 243 2386 a
265 2327 367 2386 liberis
392 2326 429 2385 ab
451 2328 557 2386 iisdem
579 2346 646 2386 reus
669 2328 705 2386 fit
726 2329 900 2388 dementiae.

141 2507 166 2547 so
238 2444 389 2546 'Omnium
421 2487 627 2546 calamitatum
663 2490 791 2547 materia
826 2491 871 2548 est
901 2489 990 2548 horno
1027 2489 1078 2548 diu
1110 2491 1190 2549 felix.
1316 2525 1317 2530 κ

179 2578 316 2636 nesciunt
339 2578 418 2636 stare
441 2595 604 2650 successus,
627 2579 657 2635 et
680 2579 816 2653 quotiens
838 2577 957 2654 prodire
979 2579 1108 2639 felicitas
1130 2600 1191 2639 non

177 2666 285 2741 potest,
307 2665 393 2724 redit
434 2667 511 2724 mori
533 2667 610 2725 volo.
653 2667 725 2743 quid
743 2685 790 2726 me
812 2669 874 2726 iam
896 2667 1017 2728 fortuna
1040 2667 1192 2728 custodit?

536 2876 637 2937 PARS
660 2878 828 2938 ALTERA.

247 3002 305 3060 Ter
332 3001 519 3062 consulatum
549 3005 680 3082 gessisti,
706 3006 753 3063 ter
783 3005 985 3080 triumphasti.
1030 3006 1101 3066 lieet
1128 3007 1190 3064 iam

139 3111 165 3152 as
179 3092 254 3150 velit
282 3091 404 3150 fortuna
431 3093 556 3167 mutari,
588 3094 621 3151 in
647 3093 729 3152 illius
752 3094 900 3168 potestate
926 3112 986 3153 non
1013 3097 1058 3153 est
1089 3095 1189 3155 fuisse.

179 3181 245 3256 quis
268 3181 388 3238 limeret
409 3181 569 3256 fortunam,
592 3183 652 3241 nisi
672 3180 845 3258 prodesset?

268 3356 282 3404 7
300 3351 424 3421 patriam
442 3361 468 3418 d,
487 3367 554 3406 cors.
569 3371 586 3402 e

271 3427 303 3476 18
322 3422 440 3478 libertus
454 3431 508 3476 Bo
521 3424 598 3492 (corr.
613 3443 630 3474 o
644 3423 675 3476 io
688 3423 785 3494 marg.)
841 3428 875 3476 19
893 3438 911 3476 a
924 3421 1034 3477 libertis
1049 3433 1076 3490 ι’,
1090 3439 1158 3480 corr.
1172 3444 1191 3476 e

178 3495 209 3548 ia
223 3512 308 3566 marg.
382 3500 415 3550 Ὦ
435 3495 481 3548 oui
498 3509 543 3548 me
556 3495 597 3548 oei
616 3509 671 3562 quo
689 3509 734 3547 me
748 3494 878 3550 PRhoeus
949 3499 982 3548 25
1001 3511 1057 3548 uon
1076 3497 1119 3548 est
1136 3510 1188 3548 om.

177 3574 212 3635 rr,
231 3577 339 3636 supas
