2640 3918
539 252 689 308 Praefatio.
1057 250 1122 306 XXI

114 421 233 480 schn'tte
249 421 304 591 per
322 421 502 480 klassisohen
522 420 892 480 Altertumswissenschaft
912 423 975 480 113
995 411 1124 502 (1902),

117 511 174 568 109
185 529 272 586 sqq..

174 599 240 658 Hoc
252 619 345 658 unum
361 598 437 658 addo
455 618 502 657 me
520 598 589 657 inde
608 617 626 657 a
649 599 721 657 decl.
742 600 782 658 32
802 617 939 658 numeros
954 599 1119 658 editionum

111 688 241 764 priorum
274 689 306 746 in
334 690 467 766 margine
498 688 681 764 adposuisse,
717 689 787 763 qnia
821 706 913 747 novas
942 688 1011 747 illas
1043 688 1118 746 duas

112 776 338 837 declamationes
361 797 414 853 per
437 774 617 838 Oservatas
640 776 738 836 ordini
759 776 878 836 inserui.

175 865 240 924 Iam
268 868 375 939 restat,
406 869 441 924 ut
470 866 583 944 gratias
615 883 703 944 egam
737 866 779 924 eia
809 885 935 940 quorum
969 885 1059 941 opera
1089 868 1120 924 et

112 955 222 1013 auxilio
239 955 270 1012 in
288 954 469 1014 conficienda
486 956 543 1014 hac
561 954 690 1013 editione
712 956 758 1012 uti
780 955 854 1012 mihi
876 955 969 1013 licuit.
994 973 1120 1030 quorum

111 1045 142 1101 in
169 1063 291 1102 numero
321 1043 417 1119 primo
449 1044 515 1102 loco
542 1046 662 1102 nomino
691 1043 839 1121 Angelam
867 1046 898 1102 et
928 1044 1120 1103 Franciscum

110 1131 256 1191 Dessaner
292 1133 343 1208 qui
379 1151 494 1192 summa
530 1133 670 1192 comitate
707 1134 797 1208 atque
833 1131 1013 1191 liberalitate
1045 1133 1119 1191 mihi

110 1221 246 1298 Hugonis
263 1220 419 1295 Dessauer‚
441 1225 632 1298 praematma
651 1225 747 1281 morte
765 1222 875 1280 litteris
899 1224 988 1307 atque
1012 1221 1118 1280 studiis

111 1311 212 1386 erepti,
230 1310 402 1370 collationes
417 1313 507 1386 etque
521 1310 642 1370 schedas
654 1311 688 1369 in
708 1308 902 1388 Calpurnium
920 1309 959 1370 ad
975 1310 1119 1370 utendum

110 1398 304 1473 tradiderunt,
327 1398 432 1458 deinde
450 1397 590 1458 Ottonem
609 1397 734 1458 Schwab
758 1401 810 1475 qui
831 1400 906 1457 mihi
928 1399 1119 1458 collationem

112 1486 242 1546 Ohisiani
264 1488 389 1566 benigne
411 1488 586 1564 transmisit,
609 1492 674 1547 tum
697 1490 750 1563 qui
767 1491 910 1564 praesunt
931 1488 1118 1547 bibliothecis

109 1577 279 1636 Monacensi
307 1579 337 1635 et
366 1577 507 1636 Bernensi
539 1576 645 1653 quibus
675 1576 844 1637 auctoribus
875 1577 988 1638 codices
1015 1579 1119 1636 Mona-

109 1684 208 1724 censes
231 1668 262 1724 et
283 1665 463 1726 Berneneem
484 1665 624 1726 Monschi
644 1667 789 1743 inspicere
815 1667 889 1726 mihi
911 1667 1009 1741 licuit,
1037 1667 1119 1726 deni-

109 1773 166 1829 qne
188 1754 344 1814 Alfredum
366 1753 457 1814 Klotz
484 1756 695 1816 amicissimum
722 1755 775 1831 qui
801 1775 861 1814 non
888 1755 975 1815 modo
1003 1773 1118 1814 mecum

106 1843 239 1902 laborem
267 1843 458 1922 plagulamm
480 1845 755 1921 perlustrandarum
778 1845 919 1922 suscepit,
948 1843 999 1904 sed
1027 1845 1118 1903 etiam

16 1979 19 1984 .
106 1932 143 1991 de
173 1933 273 1992 multis
303 1933 375 1993 locis
406 1934 553 1994 sententie
582 1953 698 2008 meeum
731 1934 949 1993 communicata
978 1932 1051 1994 bene
1082 1932 1118 1995 de

105 2020 270 2097 Calpurnio
292 2023 415 2082 men'tus
438 2025 490 2082 est.

174 2163 331 2243 Lipsiae,
354 2183 454 2225 mense
477 2165 617 2225 Ianuario
643 2167 737 2226 1903.

742 2282 898 2372 Georgius
922 2282 1074 2350 lehnert.
