<?xml version="1.0" encoding="UTF-8"?>
<!DOCTYPE html PUBLIC "-//W3C//DTD XHTML 1.0 Transitional//EN"
    "http://www.w3.org/TR/xhtml1/DTD/xhtml1-transitional.dtd">
<html xmlns="http://www.w3.org/1999/xhtml" xml:lang="en" lang="en">
 <head>
  <title>
</title>
<meta http-equiv="Content-Type" content="text/html;charset=utf-8" />
  <meta name='ocr-system' content='tesseract 3.04.00' />
  <meta name='ocr-capabilities' content='ocr_page ocr_carea ocr_par ocr_line ocrx_word'/>
</head>
<body>
  <div class='ocr_page' id='page_1' title='image "./calpvrniiflacci00flacgoog_0026.png"; bbox 0 0 2640 3918; ppageno 0'>
   <div class='ocr_carea' id='block_1_1' title="bbox 561 207 1143 266">
    <p class='ocr_par' dir='ltr' id='par_1_1' title="bbox 561 207 1143 266">
     <span class='ocr_line' id='line_1_1' title="bbox 561 207 1143 266; baseline 0 -2"><span class='ocrx_word' id='word_1_1' title='bbox 561 210 710 266; x_wconf 68' lang='lat' dir='ltr'><strong>Preciano.</strong></span> <span class='ocrx_word' id='word_1_2' title='bbox 1078 207 1143 264; x_wconf 77' lang='lat' dir='ltr'><strong>m</strong></span> 
     </span>
    </p>
   </div>
   <div class='ocr_carea' id='block_1_2' title="bbox 122 375 1149 3394">
    <p class='ocr_par' dir='ltr' id='par_1_2' title="bbox 122 375 1149 1261">
     <span class='ocr_line' id='line_1_2' title="bbox 197 375 1142 454; baseline -0.004 -14"><span class='ocrx_word' id='word_1_3' title='bbox 197 381 355 440; x_wconf 73' lang='lat' dir='ltr'><strong>Rationem</strong></span> <span class='ocrx_word' id='word_1_4' title='bbox 384 396 444 439; x_wconf 89' lang='lat' dir='ltr'><strong>non</strong></span> <span class='ocrx_word' id='word_1_5' title='bbox 473 380 564 439; x_wconf 85' lang='lat' dir='ltr'><strong>habui</strong></span> <span class='ocrx_word' id='word_1_6' title='bbox 594 389 695 438; x_wconf 89' lang='lat' dir='ltr'><strong>eorum</strong></span> <span class='ocrx_word' id='word_1_7' title='bbox 727 379 860 438; x_wconf 84' lang='lat' dir='ltr'><strong>locorum</strong></span> <span class='ocrx_word' id='word_1_8' title='bbox 892 375 1000 454; x_wconf 84' lang='lat' dir='ltr'><strong>quibus</strong></span> <span class='ocrx_word' id='word_1_9' title='bbox 1022 394 1142 436; x_wconf 52' lang='lat' dir='ltr'><strong>*errores</strong></span> 
     </span>
     <span class='ocr_line' id='line_1_3' title="bbox 133 465 1143 544; baseline -0.008 -12"><span class='ocrx_word' id='word_1_10' title='bbox 133 472 239 532; x_wconf 86' lang='lat' dir='ltr'><strong>codicis</strong></span> <span class='ocrx_word' id='word_1_11' title='bbox 259 468 449 544; x_wconf 81' lang='lat' dir='ltr'><strong>Occrrector</strong></span> <span class='ocrx_word' id='word_1_12' title='bbox 472 467 647 528; x_wconf 77' lang='lat' dir='ltr'><strong>emendavit.</strong></span> <span class='ocrx_word' id='word_1_13' title='bbox 685 479 780 543; x_wconf 83' lang='lat' dir='ltr'><strong>neque</strong></span> <span class='ocrx_word' id='word_1_14' title='bbox 804 467 882 526; x_wconf 90' lang='lat' dir='ltr'><strong>enim</strong></span> <span class='ocrx_word' id='word_1_15' title='bbox 905 465 991 526; x_wconf 76' lang='lat' dir='ltr'><strong>video</strong></span> <span class='ocrx_word' id='word_1_16' title='bbox 1015 481 1143 538; x_wconf 80' lang='lat' dir='ltr'><strong>caesam,</strong></span> 
     </span>
     <span class='ocr_line' id='line_1_4' title="bbox 122 556 1143 638; baseline -0.007 -18"><span class='ocrx_word' id='word_1_17' title='bbox 122 577 183 621; x_wconf 83' lang='lat' dir='ltr'><strong>¹cur</strong></span> <span class='ocrx_word' id='word_1_18' title='bbox 210 560 329 620; x_wconf 89' lang='lat' dir='ltr'><strong>omnino</strong></span> <span class='ocrx_word' id='word_1_19' title='bbox 352 575 492 638; x_wconf 81' lang='lat' dir='ltr'><strong>negemus</strong></span> <span class='ocrx_word' id='word_1_20' title='bbox 515 559 709 617; x_wconf 72' lang='lat' dir='ltr'>correctorem</span> <span class='ocrx_word' id='word_1_21' title='bbox 733 556 847 631; x_wconf 85' lang='lat' dir='ltr'><strong>aliquid</strong></span> <span class='ocrx_word' id='word_1_22' title='bbox 876 558 975 632; x_wconf 90' lang='lat' dir='ltr'><strong>ipsum</strong></span> <span class='ocrx_word' id='word_1_23' title='bbox 1004 556 1143 615; x_wconf 76' lang='lat' dir='ltr'><strong>mutasse.</strong></span> 
     </span>
     <span class='ocr_line' id='line_1_5' title="bbox 133 645 1144 721; baseline -0.008 -11"><span class='ocrx_word' id='word_1_24' title='bbox 133 652 202 710; x_wconf 89' lang='lat' dir='ltr'><strong>sunt</strong></span> <span class='ocrx_word' id='word_1_25' title='bbox 225 651 326 708; x_wconf 88' lang='lat' dir='ltr'><strong>autem</strong></span> <span class='ocrx_word' id='word_1_26' title='bbox 348 649 393 706; x_wconf 89' lang='lat' dir='ltr'><strong>hi:</strong></span> <span class='ocrx_word' id='word_1_27' title='bbox 423 651 451 721; x_wconf 99' lang='grc'><strong>2,</strong></span> <span class='ocrx_word' id='word_1_28' title='bbox 471 648 489 705; x_wconf 89' lang='lat'>8</span> <span class='ocrx_word' id='word_1_29' title='bbox 513 663 633 706; x_wconf 79' lang='lat' dir='ltr'><strong>securus</strong></span> <span class='ocrx_word' id='word_1_30' title='bbox 654 647 687 703; x_wconf 89' lang='lat' dir='ltr'><strong>in</strong></span> <span class='ocrx_word' id='word_1_31' title='bbox 710 648 853 714; x_wconf 71' lang='lat' dir='ltr'><strong>sectatae,</strong></span> <span class='ocrx_word' id='word_1_32' title='bbox 878 647 907 718; x_wconf 85' lang='lat'><strong>3,</strong></span> <span class='ocrx_word' id='word_1_33' title='bbox 927 646 945 704; x_wconf 90' lang='grc'><strong>6</strong></span> <span class='ocrx_word' id='word_1_34' title='bbox 968 645 1090 718; x_wconf 71' lang='lat' dir='ltr'><strong>feliciter</strong></span> <span class='ocrx_word' id='word_1_35' title='bbox 1111 645 1144 702; x_wconf 88' lang='lat' dir='ltr'><strong>in</strong></span> 
     </span>
     <span class='ocr_line' id='line_1_6' title="bbox 131 735 1144 812; baseline -0.006 -14"><span class='ocrx_word' id='word_1_36' title='bbox 131 739 296 812; x_wconf 75' lang='lat' dir='ltr'><strong>infeliciter,</strong></span> <span class='ocrx_word' id='word_1_37' title='bbox 322 738 350 810; x_wconf 87' lang='lat'><strong>3,</strong></span> <span class='ocrx_word' id='word_1_38' title='bbox 371 738 412 796; x_wconf 84' lang='grc'><strong>24</strong></span> <span class='ocrx_word' id='word_1_39' title='bbox 434 737 572 795; x_wconf 76' lang='lat' dir='ltr'><strong>oscetin</strong></span> <span class='ocrx_word' id='word_1_40' title='bbox 593 739 688 809; x_wconf 75' lang='lat' dir='ltr'><strong>nepot,</strong></span> <span class='ocrx_word' id='word_1_41' title='bbox 713 738 742 809; x_wconf 82' lang='lat'><strong>-7,</strong></span> <span class='ocrx_word' id='word_1_42' title='bbox 763 737 804 793; x_wconf 90' lang='grc'><strong>20</strong></span> <span class='ocrx_word' id='word_1_43' title='bbox 827 737 943 809; x_wconf 74' lang='lat' dir='ltr'><strong>negavit</strong></span> <span class='ocrx_word' id='word_1_44' title='bbox 967 736 1000 792; x_wconf 85' lang='lat' dir='ltr'><strong>in</strong></span> <span class='ocrx_word' id='word_1_45' title='bbox 1022 735 1144 808; x_wconf 75' lang='lat' dir='ltr'><strong>cecavit,</strong></span> 
     </span>
     <span class='ocr_line' id='line_1_7' title="bbox 134 824 1144 902; baseline -0.006 -15"><span class='ocrx_word' id='word_1_46' title='bbox 134 830 162 902; x_wconf 89' lang='lat'><strong>8,</strong></span> <span class='ocrx_word' id='word_1_47' title='bbox 188 829 227 886; x_wconf 88' lang='grc'><strong>19</strong></span> <span class='ocrx_word' id='word_1_48' title='bbox 258 827 366 885; x_wconf 76' lang='lat' dir='ltr'><strong>lchcrtis</strong></span> <span class='ocrx_word' id='word_1_49' title='bbox 394 827 426 884; x_wconf 91' lang='lat' dir='ltr'><strong>in</strong></span> <span class='ocrx_word' id='word_1_50' title='bbox 449 826 558 893; x_wconf 64' lang='lat' dir='ltr'><strong>libe-ts,</strong></span> <span class='ocrx_word' id='word_1_51' title='bbox 588 826 616 899; x_wconf 87' lang='grc'><strong>9,</strong></span> <span class='ocrx_word' id='word_1_52' title='bbox 643 826 685 882; x_wconf 90' lang='grc'><strong>10</strong></span> <span class='ocrx_word' id='word_1_53' title='bbox 709 825 865 896; x_wconf 76' lang='lat' dir='ltr'><strong>parricida</strong></span> <span class='ocrx_word' id='word_1_54' title='bbox 893 825 926 886; x_wconf 84' lang='lat' dir='ltr'><strong>in</strong></span> <span class='ocrx_word' id='word_1_55' title='bbox 950 824 1144 896; x_wconf 72' lang='lat' dir='ltr'><strong>parricidam,</strong></span> 
     </span>
     <span class='ocr_line' id='line_1_8' title="bbox 135 913 1146 991; baseline -0.007 -14"><span class='ocrx_word' id='word_1_56' title='bbox 135 922 163 991; x_wconf 87' lang='grc'><strong>9,</strong></span> <span class='ocrx_word' id='word_1_57' title='bbox 183 919 222 974; x_wconf 88' lang='grc'><strong>21</strong></span> <span class='ocrx_word' id='word_1_58' title='bbox 251 915 332 974; x_wconf 76' lang='lat' dir='ltr'><strong>male·</strong></span> <span class='ocrx_word' id='word_1_59' title='bbox 350 917 382 972; x_wconf 92' lang='lat' dir='ltr'><strong>in</strong></span> <span class='ocrx_word' id='word_1_60' title='bbox 406 915 501 983; x_wconf 82' lang='lat' dir='ltr'><strong>mola,</strong></span> <span class='ocrx_word' id='word_1_61' title='bbox 525 916 554 987; x_wconf 82' lang='grc'><strong>9,</strong></span> <span class='ocrx_word' id='word_1_62' title='bbox 574 915 613 970; x_wconf 93' lang='grc'><strong>22</strong></span> <span class='ocrx_word' id='word_1_63' title='bbox 641 915 693 972; x_wconf 80' lang='lat' dir='ltr'><strong>istc</strong></span> <span class='ocrx_word' id='word_1_64' title='bbox 717 914 750 970; x_wconf 90' lang='lat' dir='ltr'><strong>in</strong></span> <span class='ocrx_word' id='word_1_65' title='bbox 774 915 845 982; x_wconf 74' lang='lat' dir='ltr'><strong>tcto,</strong></span> <span class='ocrx_word' id='word_1_66' title='bbox 870 915 920 986; x_wconf 90' lang='lat'><strong>10,</strong></span> <span class='ocrx_word' id='word_1_67' title='bbox 934 914 980 971; x_wconf 81' lang='lat'><strong>-26</strong></span> <span class='ocrx_word' id='word_1_68' title='bbox 1010 913 1080 984; x_wconf 77' lang='lat' dir='ltr'><strong>quid</strong></span> <span class='ocrx_word' id='word_1_69' title='bbox 1105 917 1146 971; x_wconf 80' lang='lat' dir='ltr'><strong>est</strong></span> 
     </span>
     <span class='ocr_line' id='line_1_9' title="bbox 131 999 1149 1079; baseline -0.003 -14"><span class='ocrx_word' id='word_1_70' title='bbox 131 1009 164 1065; x_wconf 91' lang='lat' dir='ltr'><strong>in</strong></span> <span class='ocrx_word' id='word_1_71' title='bbox 193 1005 314 1078; x_wconf 76' lang='lat' dir='ltr'><strong>quidem</strong></span> <span class='ocrx_word' id='word_1_72' title='bbox 363 1022 436 1079; x_wconf 88' lang='lat' dir='ltr'><strong>quos</strong></span> <span class='ocrx_word' id='word_1_73' title='bbox 467 1005 492 1063; x_wconf 85' lang='lat' dir='ltr'><strong>si</strong></span> <span class='ocrx_word' id='word_1_74' title='bbox 519 1004 619 1061; x_wconf 89' lang='lat' dir='ltr'><strong>tamen</strong></span> <span class='ocrx_word' id='word_1_75' title='bbox 649 1002 889 1075; x_wconf 65' lang='lat' dir='ltr'><strong>annumeramus,</strong></span> <span class='ocrx_word' id='word_1_76' title='bbox 921 1003 938 1060; x_wconf 89' lang='grc'><strong>6</strong></span> <span class='ocrx_word' id='word_1_77' title='bbox 963 1003 1035 1061; x_wconf 84' lang='grc'>16616</span> <span class='ocrx_word' id='word_1_78' title='bbox 1063 1003 1096 1060; x_wconf 89' lang='lat' dir='ltr'><strong>in</strong></span> <span class='ocrx_word' id='word_1_79' title='bbox 1118 999 1149 1062; x_wconf 78' lang='grc' dir='ltr'><em>Ο</em></span> 
     </span>
     <span class='ocr_line' id='line_1_10' title="bbox 132 1089 1145 1168; baseline -0.006 -14"><span class='ocrx_word' id='word_1_80' title='bbox 132 1096 211 1154; x_wconf 87' lang='lat' dir='ltr'><strong>idem</strong></span> <span class='ocrx_word' id='word_1_81' title='bbox 233 1093 364 1152; x_wconf 89' lang='lat' dir='ltr'><strong>traditur</strong></span> <span class='ocrx_word' id='word_1_82' title='bbox 385 1109 475 1168; x_wconf 89' lang='lat' dir='ltr'><strong>quam</strong></span> <span class='ocrx_word' id='word_1_83' title='bbox 498 1091 529 1149; x_wconf 88' lang='lat' dir='ltr'><strong>in</strong></span> <span class='ocrx_word' id='word_1_84' title='bbox 548 1089 592 1166; x_wconf 94' lang='lat' dir='ltr'><strong>B,</strong></span> <span class='ocrx_word' id='word_1_85' title='bbox 615 1094 661 1151; x_wconf 87' lang='lat' dir='ltr'><strong>ter</strong></span> <span class='ocrx_word' id='word_1_86' title='bbox 678 1089 709 1152; x_wconf 78' lang='lat'><strong><em>0</em></strong></span> <span class='ocrx_word' id='word_1_87' title='bbox 724 1093 970 1167; x_wconf 62' lang='lat' dir='ltr'><strong>praesumtionem</strong></span> <span class='ocrx_word' id='word_1_88' title='bbox 988 1091 1145 1150; x_wconf 86' lang='lat' dir='ltr'><strong>lectionem</strong></span> 
     </span>
     <span class='ocr_line' id='line_1_11' title="bbox 133 1183 262 1261; baseline -0.023 -19"><span class='ocrx_word' id='word_1_89' title='bbox 133 1183 262 1261; x_wconf 85' lang='lat' dir='ltr'><strong>praebet.</strong></span> 
     </span>
    </p>

    <p class='ocr_par' dir='ltr' id='par_1_3' title="bbox 131 1269 1146 1792">
     <span class='ocr_line' id='line_1_12' title="bbox 199 1269 1145 1347; baseline -0.001 -18"><span class='ocrx_word' id='word_1_90' title='bbox 199 1271 311 1340; x_wconf 84' lang='lat' dir='ltr'><strong>Quibus</strong></span> <span class='ocrx_word' id='word_1_91' title='bbox 324 1269 413 1330; x_wconf 86' lang='lat' dir='ltr'><strong>rebus</strong></span> <span class='ocrx_word' id='word_1_92' title='bbox 426 1271 579 1347; x_wconf 76' lang='lat' dir='ltr'><strong>perpensis</strong></span> <span class='ocrx_word' id='word_1_93' title='bbox 594 1269 727 1328; x_wconf 84' lang='lat' dir='ltr'><strong>videmus</strong></span> <span class='ocrx_word' id='word_1_94' title='bbox 746 1269 997 1346; x_wconf 88' lang='lat' dir='ltr'><strong>Montepessulani</strong></span> <span class='ocrx_word' id='word_1_95' title='bbox 1016 1269 1145 1328; x_wconf 73' lang='lat' dir='ltr'><strong>hristrda</strong></span> 
     </span>
     <span class='ocr_line' id='line_1_13' title="bbox 132 1357 1145 1434; baseline -0.004 -14"><span class='ocrx_word' id='word_1_96' title='bbox 132 1364 164 1420; x_wconf 90' lang='lat' dir='ltr'><strong>in</strong></span> <span class='ocrx_word' id='word_1_97' title='bbox 186 1359 370 1420; x_wconf 79' lang='lat' dir='ltr'><strong>recensendis</strong></span> <span class='ocrx_word' id='word_1_98' title='bbox 399 1357 553 1434; x_wconf 74' lang='lat' dir='ltr'><strong>Calpurnii</strong></span> <span class='ocrx_word' id='word_1_99' title='bbox 581 1358 844 1418; x_wconf 79' lang='lat' dir='ltr'><strong>declamationibus</strong></span> <span class='ocrx_word' id='word_1_100' title='bbox 872 1377 1020 1417; x_wconf 90' lang='lat' dir='ltr'><strong>summum</strong></span> <span class='ocrx_word' id='word_1_101' title='bbox 1045 1361 1145 1416; x_wconf 90' lang='lat' dir='ltr'><strong>tenere</strong></span> 
     </span>
     <span class='ocr_line' id='line_1_14' title="bbox 132 1446 1144 1525; baseline -0.001 -18"><span class='ocrx_word' id='word_1_102' title='bbox 132 1451 238 1523; x_wconf 88' lang='lat' dir='ltr'><strong>locum,</strong></span> <span class='ocrx_word' id='word_1_103' title='bbox 261 1449 345 1525; x_wconf 90' lang='lat' dir='ltr'><strong>sequi</strong></span> <span class='ocrx_word' id='word_1_104' title='bbox 363 1446 544 1521; x_wconf 83' lang='lat' dir='ltr'><strong>Ohisianum,</strong></span> <span class='ocrx_word' id='word_1_105' title='bbox 568 1467 673 1525; x_wconf 88' lang='lat' dir='ltr'><strong>agmen</strong></span> <span class='ocrx_word' id='word_1_106' title='bbox 692 1447 828 1506; x_wconf 84' lang='lat' dir='ltr'><strong>claudere</strong></span> <span class='ocrx_word' id='word_1_107' title='bbox 846 1447 1052 1508; x_wconf 89' lang='lat' dir='ltr'><strong>Monacensem</strong></span> <span class='ocrx_word' id='word_1_108' title='bbox 1071 1448 1144 1508; x_wconf 83' lang='lat'><strong>309.</strong></span> 
     </span>
     <span class='ocr_line' id='line_1_15' title="bbox 132 1537 1146 1613; baseline -0.001 -16"><span class='ocrx_word' id='word_1_109' title='bbox 132 1539 317 1598; x_wconf 78' lang='lat' dir='ltr'><strong>Monacensis</strong></span> <span class='ocrx_word' id='word_1_110' title='bbox 346 1539 408 1596; x_wconf 83' lang='lat'><strong>316</strong></span> <span class='ocrx_word' id='word_1_111' title='bbox 438 1540 469 1596; x_wconf 92' lang='lat' dir='ltr'><strong>et</strong></span> <span class='ocrx_word' id='word_1_112' title='bbox 494 1537 651 1595; x_wconf 85' lang='lat' dir='ltr'><strong>Bernensis</strong></span> <span class='ocrx_word' id='word_1_113' title='bbox 679 1537 793 1594; x_wconf 87' lang='lat' dir='ltr'><strong>nullam</strong></span> <span class='ocrx_word' id='word_1_114' title='bbox 820 1537 901 1595; x_wconf 86' lang='lat' dir='ltr'><strong>viam</strong></span> <span class='ocrx_word' id='word_1_115' title='bbox 924 1539 1062 1613; x_wconf 86' lang='lat' dir='ltr'><strong>aperiunt</strong></span> <span class='ocrx_word' id='word_1_116' title='bbox 1082 1555 1146 1613; x_wconf 86' lang='lat' dir='ltr'><strong>qua</strong></span> 
     </span>
     <span class='ocr_line' id='line_1_16' title="bbox 131 1625 1146 1706; baseline -0.002 -18"><span class='ocrx_word' id='word_1_117' title='bbox 131 1627 352 1706; x_wconf 78' lang='lat' dir='ltr'><strong>progredientes</strong></span> <span class='ocrx_word' id='word_1_118' title='bbox 367 1626 452 1685; x_wconf 89' lang='lat' dir='ltr'><strong>nohis</strong></span> <span class='ocrx_word' id='word_1_119' title='bbox 466 1644 544 1685; x_wconf 90' lang='lat' dir='ltr'><strong>nova</strong></span> <span class='ocrx_word' id='word_1_120' title='bbox 561 1641 699 1702; x_wconf 86' lang='lat' dir='ltr'><strong>paremus</strong></span> <span class='ocrx_word' id='word_1_121' title='bbox 714 1625 846 1686; x_wconf 89' lang='lat' dir='ltr'><strong>subsidia</strong></span> <span class='ocrx_word' id='word_1_122' title='bbox 861 1625 898 1685; x_wconf 89' lang='lat' dir='ltr'><strong>ad</strong></span> <span class='ocrx_word' id='word_1_123' title='bbox 913 1626 1146 1704; x_wconf 82' lang='lat' dir='ltr'><strong>cognoscendam</strong></span> 
     </span>
     <span class='ocr_line' id='line_1_17' title="bbox 131 1715 721 1792; baseline -0.008 -15"><span class='ocrx_word' id='word_1_124' title='bbox 131 1715 287 1792; x_wconf 77' lang='lat' dir='ltr'><strong>archetypi</strong></span> <span class='ocrx_word' id='word_1_125' title='bbox 308 1715 440 1774; x_wconf 90' lang='lat' dir='ltr'><strong>indolem</strong></span> <span class='ocrx_word' id='word_1_126' title='bbox 463 1717 552 1790; x_wconf 89' lang='lat' dir='ltr'><strong>atque</strong></span> <span class='ocrx_word' id='word_1_127' title='bbox 575 1716 721 1774; x_wconf 86' lang='lat' dir='ltr'><strong>naturam.</strong></span> 
     </span>
    </p>

    <p class='ocr_par' dir='ltr' id='par_1_4' title="bbox 129 1804 1148 3302">
     <span class='ocr_line' id='line_1_18' title="bbox 198 1804 1147 1881; baseline 0 -17"><span class='ocrx_word' id='word_1_128' title='bbox 198 1805 402 1881; x_wconf 85' lang='lat' dir='ltr'><strong>Archetypum</strong></span> <span class='ocrx_word' id='word_1_129' title='bbox 428 1805 514 1862; x_wconf 87' lang='lat' dir='ltr'><strong>illum</strong></span> <span class='ocrx_word' id='word_1_130' title='bbox 540 1804 653 1863; x_wconf 86' lang='lat' dir='ltr'><strong>mendis</strong></span> <span class='ocrx_word' id='word_1_131' title='bbox 686 1821 745 1864; x_wconf 90' lang='lat' dir='ltr'><strong>non</strong></span> <span class='ocrx_word' id='word_1_132' title='bbox 774 1821 873 1863; x_wconf 89' lang='lat' dir='ltr'><strong>carere</strong></span> <span class='ocrx_word' id='word_1_133' title='bbox 901 1805 1086 1880; x_wconf 83' lang='lat' dir='ltr'><strong>maximeque</strong></span> <span class='ocrx_word' id='word_1_134' title='bbox 1114 1807 1147 1864; x_wconf 85' lang='lat' dir='ltr'><strong>in</strong></span> 
     </span>
     <span class='ocr_line' id='line_1_19' title="bbox 132 1893 1146 1970; baseline -0.001 -16"><span class='ocrx_word' id='word_1_135' title='bbox 132 1913 167 1954; x_wconf 92' lang='lat' dir='ltr'><strong>eo</strong></span> <span class='ocrx_word' id='word_1_136' title='bbox 190 1897 345 1970; x_wconf 84' lang='lat' dir='ltr'><strong>peccatum</strong></span> <span class='ocrx_word' id='word_1_137' title='bbox 368 1911 430 1953; x_wconf 88' lang='lat' dir='ltr'><strong>esse</strong></span> <span class='ocrx_word' id='word_1_138' title='bbox 453 1911 501 1967; x_wconf 90' lang='lat' dir='ltr'><strong>eo,</strong></span> <span class='ocrx_word' id='word_1_139' title='bbox 525 1893 604 1968; x_wconf 90' lang='lat' dir='ltr'><strong>quod</strong></span> <span class='ocrx_word' id='word_1_140' title='bbox 626 1893 771 1969; x_wconf 83' lang='lat' dir='ltr'><strong>syllabae,</strong></span> <span class='ocrx_word' id='word_1_141' title='bbox 795 1893 897 1967; x_wconf 83' lang='lat' dir='ltr'><strong>verba,</strong></span> <span class='ocrx_word' id='word_1_142' title='bbox 920 1896 1076 1954; x_wconf 86' lang='lat' dir='ltr'><strong>enuntiata</strong></span> <span class='ocrx_word' id='word_1_143' title='bbox 1097 1911 1146 1953; x_wconf 84' lang='lat' dir='ltr'><strong>ex-</strong></span> 
     </span>
     <span class='ocr_line' id='line_1_20' title="bbox 131 1975 1146 2063; baseline -0.001 -20"><span class='ocrx_word' id='word_1_144' title='bbox 131 1975 298 2063; x_wconf 88' lang='lat' dir='ltr'><strong>ciderunt¹)</strong></span> <span class='ocrx_word' id='word_1_145' title='bbox 333 1982 531 2041; x_wconf 88' lang='lat' dir='ltr'><strong>confitendum</strong></span> <span class='ocrx_word' id='word_1_146' title='bbox 560 1984 618 2054; x_wconf 90' lang='lat' dir='ltr'><strong>est,</strong></span> <span class='ocrx_word' id='word_1_147' title='bbox 652 1983 703 2041; x_wconf 89' lang='lat' dir='ltr'><strong>sed</strong></span> <span class='ocrx_word' id='word_1_148' title='bbox 733 2001 804 2041; x_wconf 85' lang='lat' dir='ltr'><strong>cave</strong></span> <span class='ocrx_word' id='word_1_149' title='bbox 837 1985 923 2058; x_wconf 85' lang='lat' dir='ltr'><strong>putes</strong></span> <span class='ocrx_word' id='word_1_150' title='bbox 958 2001 1026 2041; x_wconf 86' lang='lat' dir='ltr'><strong>eum</strong></span> <span class='ocrx_word' id='word_1_151' title='bbox 1056 1984 1146 2044; x_wconf 76' lang='lat' dir='ltr'><strong>inisse</strong></span> 
     </span>
     <span class='ocr_line' id='line_1_21' title="bbox 131 2069 1146 2148; baseline 0 -16"><span class='ocrx_word' id='word_1_152' title='bbox 131 2073 395 2148; x_wconf 84' lang='lat' dir='ltr'><strong>corruptissimum.</strong></span> <span class='ocrx_word' id='word_1_153' title='bbox 440 2071 546 2131; x_wconf 89' lang='lat' dir='ltr'><strong>melius</strong></span> <span class='ocrx_word' id='word_1_154' title='bbox 566 2071 644 2129; x_wconf 91' lang='lat' dir='ltr'><strong>enirn</strong></span> <span class='ocrx_word' id='word_1_155' title='bbox 663 2069 818 2146; x_wconf 78' lang='lat' dir='ltr'><strong>Oelpmnii</strong></span> <span class='ocrx_word' id='word_1_156' title='bbox 835 2071 926 2131; x_wconf 86' lang='lat' dir='ltr'><strong>verba</strong></span> <span class='ocrx_word' id='word_1_157' title='bbox 944 2073 1057 2132; x_wconf 88' lang='lat' dir='ltr'><strong>tradita</strong></span> <span class='ocrx_word' id='word_1_158' title='bbox 1075 2076 1146 2132; x_wconf 87' lang='lat' dir='ltr'><strong>sunt</strong></span> 
     </span>
     <span class='ocr_line' id='line_1_22' title="bbox 129 2161 1145 2238; baseline 0 -18"><span class='ocrx_word' id='word_1_159' title='bbox 129 2179 220 2238; x_wconf 86' lang='lat' dir='ltr'><strong>quam</strong></span> <span class='ocrx_word' id='word_1_160' title='bbox 245 2163 372 2237; x_wconf 88' lang='lat' dir='ltr'><strong>speciem</strong></span> <span class='ocrx_word' id='word_1_161' title='bbox 400 2177 472 2235; x_wconf 91' lang='lat' dir='ltr'><strong>prae</strong></span> <span class='ocrx_word' id='word_1_162' title='bbox 500 2178 531 2219; x_wconf 91' lang='lat' dir='ltr'><strong>se</strong></span> <span class='ocrx_word' id='word_1_163' title='bbox 560 2161 667 2218; x_wconf 84' lang='lat' dir='ltr'><strong>ferunt.</strong></span> <span class='ocrx_word' id='word_1_164' title='bbox 713 2161 808 2218; x_wconf 87' lang='lat' dir='ltr'><strong>multe</strong></span> <span class='ocrx_word' id='word_1_165' title='bbox 836 2162 915 2219; x_wconf 89' lang='lat' dir='ltr'><strong>enim</strong></span> <span class='ocrx_word' id='word_1_166' title='bbox 945 2178 1021 2236; x_wconf 88' lang='lat' dir='ltr'><strong>quae</strong></span> <span class='ocrx_word' id='word_1_167' title='bbox 1049 2163 1145 2238; x_wconf 87' lang='lat' dir='ltr'><strong>primo</strong></span> 
     </span>
     <span class='ocr_line' id='line_1_23' title="bbox 130 2249 1146 2325; baseline -0.002 -15"><span class='ocrx_word' id='word_1_168' title='bbox 130 2249 240 2310; x_wconf 89' lang='lat' dir='ltr'><strong>obtutu</strong></span> <span class='ocrx_word' id='word_1_169' title='bbox 257 2251 355 2308; x_wconf 85' lang='lat' dir='ltr'><strong>minus</strong></span> <span class='ocrx_word' id='word_1_170' title='bbox 369 2267 450 2323; x_wconf 89' lang='lat' dir='ltr'><strong>sana,</strong></span> <span class='ocrx_word' id='word_1_171' title='bbox 469 2249 591 2308; x_wconf 83' lang='lat' dir='ltr'><strong>confusa</strong></span> <span class='ocrx_word' id='word_1_172' title='bbox 606 2251 799 2324; x_wconf 87' lang='lat' dir='ltr'><strong>contortaque</strong></span> <span class='ocrx_word' id='word_1_173' title='bbox 818 2267 880 2309; x_wconf 89' lang='lat' dir='ltr'><strong>esse</strong></span> <span class='ocrx_word' id='word_1_174' title='bbox 896 2251 1043 2325; x_wconf 81' lang='lat' dir='ltr'><strong>videntur,</strong></span> <span class='ocrx_word' id='word_1_175' title='bbox 1063 2269 1146 2310; x_wconf 87' lang='lat' dir='ltr'><strong>accu-</strong></span> 
     </span>
     <span class='ocr_line' id='line_1_24' title="bbox 130 2339 1145 2415; baseline -0.002 -17"><span class='ocrx_word' id='word_1_176' title='bbox 130 2340 228 2398; x_wconf 89' lang='lat' dir='ltr'><strong>ratius</strong></span> <span class='ocrx_word' id='word_1_177' title='bbox 242 2339 455 2397; x_wconf 89' lang='lat' dir='ltr'><strong>sententiarum</strong></span> <span class='ocrx_word' id='word_1_178' title='bbox 469 2355 546 2396; x_wconf 76' lang='lat' dir='ltr'><strong>nexu</strong></span> <span class='ocrx_word' id='word_1_179' title='bbox 555 2339 708 2414; x_wconf 88' lang='lat' dir='ltr'><strong>perspecto</strong></span> <span class='ocrx_word' id='word_1_180' title='bbox 722 2341 800 2397; x_wconf 89' lang='lat' dir='ltr'><strong>recte</strong></span> <span class='ocrx_word' id='word_1_181' title='bbox 815 2355 845 2397; x_wconf 88' lang='lat' dir='ltr'><strong>se</strong></span> <span class='ocrx_word' id='word_1_182' title='bbox 855 2339 962 2398; x_wconf 90' lang='lat' dir='ltr'><strong>habere</strong></span> <span class='ocrx_word' id='word_1_183' title='bbox 982 2339 1145 2415; x_wconf 78' lang='lat' dir='ltr'><strong>apparebit.</strong></span> 
     </span>
     <span class='ocr_line' id='line_1_25' title="bbox 130 2419 1146 2502; baseline 0 -15"><span class='ocrx_word' id='word_1_184' title='bbox 130 2428 363 2487; x_wconf 84' lang='lat' dir='ltr'><strong>studiosissimus</strong></span> <span class='ocrx_word' id='word_1_185' title='bbox 388 2428 466 2485; x_wconf 90' lang='lat' dir='ltr'><strong>enim</strong></span> <span class='ocrx_word' id='word_1_186' title='bbox 489 2419 664 2502; x_wconf 77' lang='lat' dir='ltr'><strong>Calpurnius</strong></span> <span class='ocrx_word' id='word_1_187' title='bbox 688 2430 753 2486; x_wconf 90' lang='lat' dir='ltr'><strong>erat</strong></span> <span class='ocrx_word' id='word_1_188' title='bbox 776 2429 991 2486; x_wconf 86' lang='lat' dir='ltr'><strong>sententiarum</strong></span> <span class='ocrx_word' id='word_1_189' title='bbox 1013 2432 1043 2487; x_wconf 91' lang='lat' dir='ltr'><strong>et</strong></span> <span class='ocrx_word' id='word_1_190' title='bbox 1065 2430 1146 2488; x_wconf 88' lang='lat' dir='ltr'><strong>clau·</strong></span> 
     </span>
     <span class='ocr_line' id='line_1_26' title="bbox 131 2515 1147 2592; baseline 0.001 -17"><span class='ocrx_word' id='word_1_191' title='bbox 131 2517 265 2576; x_wconf 86' lang='lat' dir='ltr'><strong>sularum</strong></span> <span class='ocrx_word' id='word_1_192' title='bbox 284 2535 442 2592; x_wconf 88' lang='lat' dir='ltr'><strong>earumque</strong></span> <span class='ocrx_word' id='word_1_193' title='bbox 462 2515 600 2590; x_wconf 82' lang='lat' dir='ltr'><strong>dulcium,</strong></span> <span class='ocrx_word' id='word_1_194' title='bbox 625 2515 826 2590; x_wconf 87' lang='lat' dir='ltr'><strong>abruptarum,</strong></span> <span class='ocrx_word' id='word_1_195' title='bbox 845 2516 1037 2592; x_wconf 88' lang='lat' dir='ltr'><strong>pendentium</strong></span> <span class='ocrx_word' id='word_1_196' title='bbox 1055 2536 1147 2592; x_wconf 90' lang='lat' dir='ltr'><strong>quam</strong></span> 
     </span>
     <span class='ocr_line' id='line_1_27' title="bbox 130 2602 1146 2682; baseline 0.001 -18"><span class='ocrx_word' id='word_1_197' title='bbox 130 2607 273 2679; x_wconf 83' lang='lat' dir='ltr'><strong>maxime,</strong></span> <span class='ocrx_word' id='word_1_198' title='bbox 302 2607 334 2663; x_wconf 90' lang='lat' dir='ltr'><strong>in</strong></span> <span class='ocrx_word' id='word_1_199' title='bbox 363 2605 469 2681; x_wconf 89' lang='lat' dir='ltr'><strong>quibus</strong></span> <span class='ocrx_word' id='word_1_200' title='bbox 499 2603 566 2681; x_wconf 91' lang='lat' dir='ltr'><strong>plus</strong></span> <span class='ocrx_word' id='word_1_201' title='bbox 595 2602 823 2682; x_wconf 89' lang='lat' dir='ltr'><strong>intelligendum</strong></span> <span class='ocrx_word' id='word_1_202' title='bbox 853 2625 942 2681; x_wconf 86' lang='lat' dir='ltr'><strong>quam</strong></span> <span class='ocrx_word' id='word_1_203' title='bbox 968 2606 1146 2665; x_wconf 87' lang='lat' dir='ltr'><strong>audiendum</strong></span> 
     </span>
     <span class='ocr_line' id='line_1_28' title="bbox 130 2693 1146 2770; baseline 0.001 -16"><span class='ocrx_word' id='word_1_204' title='bbox 130 2697 184 2770; x_wconf 88' lang='lat' dir='ltr'><strong>sit,</strong></span> <span class='ocrx_word' id='word_1_205' title='bbox 214 2695 258 2753; x_wconf 88' lang='lat' dir='ltr'><strong>ita</strong></span> <span class='ocrx_word' id='word_1_206' title='bbox 286 2696 321 2752; x_wconf 89' lang='lat' dir='ltr'><strong>ut</strong></span> <span class='ocrx_word' id='word_1_207' title='bbox 352 2693 524 2769; x_wconf 87' lang='lat' dir='ltr'><strong>saepissime</strong></span> <span class='ocrx_word' id='word_1_208' title='bbox 553 2712 611 2753; x_wconf 93' lang='lat' dir='ltr'><strong>unc</strong></span> <span class='ocrx_word' id='word_1_209' title='bbox 641 2694 731 2753; x_wconf 84' lang='lat' dir='ltr'><strong>verbo</strong></span> <span class='ocrx_word' id='word_1_210' title='bbox 759 2695 874 2754; x_wconf 86' lang='lat' dir='ltr'><strong>mutato</strong></span> <span class='ocrx_word' id='word_1_211' title='bbox 905 2713 1027 2754; x_wconf 91' lang='lat' dir='ltr'><strong>acumen</strong></span> <span class='ocrx_word' id='word_1_212' title='bbox 1052 2697 1146 2755; x_wconf 88' lang='lat' dir='ltr'><strong>totius</strong></span> 
     </span>
     <span class='ocr_line' id='line_1_29' title="bbox 130 2782 1146 2862; baseline 0.001 -19"><span class='ocrx_word' id='word_1_213' title='bbox 130 2783 296 2843; x_wconf 87' lang='lat' dir='ltr'><strong>sententiae</strong></span> <span class='ocrx_word' id='word_1_214' title='bbox 313 2785 425 2859; x_wconf 88' lang='lat' dir='ltr'><strong>pereat.</strong></span> <span class='ocrx_word' id='word_1_215' title='bbox 461 2800 556 2859; x_wconf 90' lang='lat' dir='ltr'><strong>neque</strong></span> <span class='ocrx_word' id='word_1_216' title='bbox 574 2783 606 2840; x_wconf 92' lang='lat' dir='ltr'><strong>in</strong></span> <span class='ocrx_word' id='word_1_217' title='bbox 626 2782 808 2841; x_wconf 87' lang='lat' dir='ltr'><strong>aestimando</strong></span> <span class='ocrx_word' id='word_1_218' title='bbox 830 2784 972 2859; x_wconf 88' lang='lat' dir='ltr'><strong>scriptore</strong></span> <span class='ocrx_word' id='word_1_219' title='bbox 991 2786 1146 2862; x_wconf 84' lang='lat' dir='ltr'><strong>neglegere</strong></span> 
     </span>
     <span class='ocr_line' id='line_1_30' title="bbox 129 2871 1146 2948; baseline 0.001 -17"><span class='ocrx_word' id='word_1_220' title='bbox 129 2875 203 2932; x_wconf 88' lang='lat' dir='ltr'><strong>licet</strong></span> <span class='ocrx_word' id='word_1_221' title='bbox 232 2876 369 2947; x_wconf 84' lang='lat' dir='ltr'><strong>excerpta</strong></span> <span class='ocrx_word' id='word_1_222' title='bbox 395 2873 514 2930; x_wconf 87' lang='lat' dir='ltr'><strong>tantum</strong></span> <span class='ocrx_word' id='word_1_223' title='bbox 542 2872 716 2931; x_wconf 87' lang='lat' dir='ltr'><strong>brevissima</strong></span> <span class='ocrx_word' id='word_1_224' title='bbox 744 2871 916 2948; x_wconf 90' lang='lat' dir='ltr'><strong>luminaque</strong></span> <span class='ocrx_word' id='word_1_225' title='bbox 944 2893 981 2932; x_wconf 87' lang='lat' dir='ltr'><strong>ex</strong></span> <span class='ocrx_word' id='word_1_226' title='bbox 1006 2874 1146 2933; x_wconf 88' lang='lat' dir='ltr'><strong>continuo</strong></span> 
     </span>
     <span class='ocr_line' id='line_1_31' title="bbox 129 2960 1147 3035; baseline 0 -14"><span class='ocrx_word' id='word_1_227' title='bbox 129 2979 265 3021; x_wconf 89' lang='lat' dir='ltr'><strong>sermone</strong></span> <span class='ocrx_word' id='word_1_228' title='bbox 289 2962 421 3019; x_wconf 83' lang='lat' dir='ltr'><strong>extracta</strong></span> <span class='ocrx_word' id='word_1_229' title='bbox 448 2962 478 3019; x_wconf 86' lang='lat' dir='ltr'><strong>et</strong></span> <span class='ocrx_word' id='word_1_230' title='bbox 501 2961 611 3035; x_wconf 87' lang='lat' dir='ltr'><strong>solute,</strong></span> <span class='ocrx_word' id='word_1_231' title='bbox 641 2979 700 3020; x_wconf 90' lang='lat' dir='ltr'><strong>non</strong></span> <span class='ocrx_word' id='word_1_232' title='bbox 722 2960 952 3020; x_wconf 88' lang='lat' dir='ltr'><strong>declamationes</strong></span> <span class='ocrx_word' id='word_1_233' title='bbox 980 2962 1147 3022; x_wconf 87' lang='lat' dir='ltr'><strong>elaboratas</strong></span> 
     </span>
     <span class='ocr_line' id='line_1_32' title="bbox 130 3049 1148 3125; baseline -0.001 -15"><span class='ocrx_word' id='word_1_234' title='bbox 130 3052 262 3110; x_wconf 82' lang='lat' dir='ltr'><strong>aetatem</strong></span> <span class='ocrx_word' id='word_1_235' title='bbox 279 3049 391 3108; x_wconf 85' lang='lat' dir='ltr'><strong>tulisse.</strong></span> <span class='ocrx_word' id='word_1_236' title='bbox 424 3050 532 3125; x_wconf 89' lang='lat' dir='ltr'><strong>quibus</strong></span> <span class='ocrx_word' id='word_1_237' title='bbox 551 3050 697 3108; x_wconf 87' lang='lat' dir='ltr'><strong>rationem</strong></span> <span class='ocrx_word' id='word_1_238' title='bbox 715 3068 774 3107; x_wconf 91' lang='lat' dir='ltr'><strong>non</strong></span> <span class='ocrx_word' id='word_1_239' title='bbox 792 3050 902 3109; x_wconf 89' lang='lat' dir='ltr'><strong>habitis</strong></span> <span class='ocrx_word' id='word_1_240' title='bbox 921 3050 1048 3110; x_wconf 89' lang='lat' dir='ltr'><strong>editores</strong></span> <span class='ocrx_word' id='word_1_241' title='bbox 1067 3052 1148 3110; x_wconf 90' lang='lat' dir='ltr'><strong>haud</strong></span> 
     </span>
     <span class='ocr_line' id='line_1_33' title="bbox 129 3137 1147 3215; baseline -0.002 -15"><span class='ocrx_word' id='word_1_242' title='bbox 129 3157 201 3200; x_wconf 89' lang='lat' dir='ltr'><strong>raro</strong></span> <span class='ocrx_word' id='word_1_243' title='bbox 229 3140 344 3214; x_wconf 85' lang='lat' dir='ltr'><strong>opinati</strong></span> <span class='ocrx_word' id='word_1_244' title='bbox 372 3157 402 3198; x_wconf 89' lang='lat' dir='ltr'><strong>se</strong></span> <span class='ocrx_word' id='word_1_245' title='bbox 429 3137 590 3215; x_wconf 70' lang='lat' dir='ltr'><strong>Calpurnio</strong></span> <span class='ocrx_word' id='word_1_246' title='bbox 618 3138 765 3196; x_wconf 89' lang='lat' dir='ltr'><strong>medelam</strong></span> <span class='ocrx_word' id='word_1_247' title='bbox 792 3155 855 3197; x_wconf 89' lang='lat' dir='ltr'><strong>esse</strong></span> <span class='ocrx_word' id='word_1_248' title='bbox 882 3139 1047 3215; x_wconf 89' lang='lat' dir='ltr'><strong>oblaturos,</strong></span> <span class='ocrx_word' id='word_1_249' title='bbox 1080 3159 1147 3199; x_wconf 90' lang='lat' dir='ltr'><strong>eum</strong></span> 
     </span>
     <span class='ocr_line' id='line_1_34' title="bbox 129 3227 818 3302; baseline -0.004 -15"><span class='ocrx_word' id='word_1_250' title='bbox 129 3229 296 3288; x_wconf 85' lang='lat' dir='ltr'><strong>miserrime</strong></span> <span class='ocrx_word' id='word_1_251' title='bbox 318 3229 499 3287; x_wconf 84' lang='lat' dir='ltr'><strong>vexaverunt</strong></span> <span class='ocrx_word' id='word_1_252' title='bbox 521 3229 552 3285; x_wconf 90' lang='lat' dir='ltr'><strong>et</strong></span> <span class='ocrx_word' id='word_1_253' title='bbox 574 3227 818 3302; x_wconf 80' lang='lat' dir='ltr'><strong>depravaverunt.</strong></span> 
     </span>
    </p>

    <p class='ocr_par' dir='ltr' id='par_1_5' title="bbox 199 3315 1148 3394">
     <span class='ocr_line' id='line_1_35' title="bbox 199 3315 1148 3394; baseline 0.002 -19"><span class='ocrx_word' id='word_1_254' title='bbox 199 3318 236 3376; x_wconf 95' lang='lat' dir='ltr'><strong>In</strong></span> <span class='ocrx_word' id='word_1_255' title='bbox 258 3317 354 3375; x_wconf 84' lang='lat' dir='ltr'><strong>lucem</strong></span> <span class='ocrx_word' id='word_1_256' title='bbox 373 3315 566 3393; x_wconf 76' lang='lat' dir='ltr'><strong>Calpurnium</strong></span> <span class='ocrx_word' id='word_1_257' title='bbox 588 3317 735 3392; x_wconf 84' lang='lat' dir='ltr'><strong>protraxit</strong></span> <span class='ocrx_word' id='word_1_258' title='bbox 757 3317 789 3374; x_wconf 89' lang='lat' dir='ltr'><strong>P.</strong></span> <span class='ocrx_word' id='word_1_259' title='bbox 809 3316 981 3377; x_wconf 87' lang='lat' dir='ltr'><strong>Pithoeus</strong></span> <span class='ocrx_word' id='word_1_260' title='bbox 1005 3319 1057 3394; x_wconf 90' lang='lat' dir='ltr'><strong>qui</strong></span> <span class='ocrx_word' id='word_1_261' title='bbox 1080 3334 1148 3377; x_wconf 89' lang='lat' dir='ltr'><strong>eum</strong></span> 
     </span>
    </p>
   </div>
   <div class='ocr_carea' id='block_1_3' title="bbox 127 3503 1148 3631">
    <p class='ocr_par' dir='ltr' id='par_1_6' title="bbox 127 3503 1148 3631">
     <span class='ocr_line' id='line_1_36' title="bbox 171 3503 1148 3631; baseline 0.003 -74"><span class='ocrx_word' id='word_1_262' title='bbox 171 3579 175 3588; x_wconf 36' lang='grc' dir='ltr'>Ι</span> <span class='ocrx_word' id='word_1_263' title='bbox 206 3503 296 3631; x_wconf 46' lang='lat' dir='ltr'><strong>{Este</strong></span> <span class='ocrx_word' id='word_1_264' title='bbox 321 3503 391 3556; x_wconf 89' lang='lat' dir='ltr'><strong>mihi</strong></span> <span class='ocrx_word' id='word_1_265' title='bbox 415 3503 517 3557; x_wconf 86' lang='lat' dir='ltr'><strong>lacuna</strong></span> <span class='ocrx_word' id='word_1_266' title='bbox 539 3503 689 3558; x_wconf 88' lang='lat' dir='ltr'><strong>statuenda</strong></span> <span class='ocrx_word' id='word_1_267' title='bbox 706 3503 818 3559; x_wconf 84' lang='lat' dir='ltr'><strong>videtur</strong></span> <span class='ocrx_word' id='word_1_268' title='bbox 843 3505 912 3560; x_wconf 88' lang='lat' dir='ltr'><strong>decl.</strong></span> <span class='ocrx_word' id='word_1_269' title='bbox 929 3511 943 3558; x_wconf 79' lang='grc'>2</span> <span class='ocrx_word' id='word_1_270' title='bbox 962 3507 1057 3575; x_wconf 59' lang='grc'>(214)</span> <span class='ocrx_word' id='word_1_271' title='bbox 1083 3503 1148 3575; x_wconf 85' lang='lat' dir='ltr'><strong>post</strong></span> 
     </span>
     <span class='ocr_line' id='line_1_37' title="bbox 127 3593 268 3631; baseline 0 -1"><span class='ocrx_word' id='word_1_272' title='bbox 127 3593 210 3631; x_wconf 77' lang='lat' dir='ltr'><strong>orceo</strong></span> <span class='ocrx_word' id='word_1_273' title='bbox 235 3594 268 3630; x_wconf 90' lang='lat' dir='ltr'><strong>m.</strong></span> 
     </span>
    </p>
   </div>
   <div class='ocr_carea' id='block_1_4' title="bbox 0 0 1324 3918">
    <p class='ocr_par' dir='ltr' id='par_1_7' title="bbox 0 0 1324 3918">
     <span class='ocr_line' id='line_1_38' title="bbox 0 0 1324 3918; baseline 0 0"><span class='ocrx_word' id='word_1_274' title='bbox 0 0 1324 3918; x_wconf 95' lang='lat' dir='ltr'><strong> </strong></span> 
     </span>
    </p>
   </div>
  </div>
 </body>
</html>
