2640 3918
190 233 233 296 34
525 231 719 286 CALPVRNII
736 231 863 288 FLAOOE

234 403 384 461 immolari
414 400 527 461 debere.
573 401 660 460 offert
688 415 719 464 se
747 401 802 460 illa
827 420 908 478 quae
937 401 1139 462 msamabntur
1169 405 1206 462 in

233 492 366 551 fratrem.
407 492 493 566 pater
516 488 547 549 0.
566 491 603 550 D.

256 631 433 692 Dilexenmt
455 634 534 691 enim
557 651 587 692 se
605 635 710 691 mutuo
732 633 840 692 frenes
862 633 944 692 ultra
966 651 1064 691 meum
1087 635 1203 693 votum.

189 741 206 780 o
234 723 355 781 fortuna
384 721 524 782 crudelis!
565 720 716 782 abstulisti
745 723 820 780 mihi
848 720 958 796 filium,
987 722 1122 798 relinque
1152 724 1203 782 vel
1306 741 1307 790 l

161 810 289 872 afiliem.
330 813 498 886 patiamur
519 811 568 870 vel
586 811 693 870 saltem
715 810 824 870 liberos
842 829 930 870 meos.
971 830 1056 869 nemo
1076 811 1112 870 de
1134 812 1202 888 pol·
1306 803 1307 898 l

187 900 251 975 luto
282 919 371 978 grege
404 901 534 960 hostiam
564 901 662 958 sumit.
705 901 770 974 quis
799 900 876 959 hanc
904 901 1035 960 hostiam
1062 902 1201 976 perimet,

187 991 285 1064 pater,
309 988 443 1048 sacerdos
471 1008 511 1048 an
538 986 690 1048 omnifex?
720 990 856 1064 quamvis
878 988 951 1048 haec
973 989 1099 1048 fortasse
1123 989 1201 1049 desi·

188 1078 271 1136 deret
293 1079 358 1154 ipso
381 1078 434 1136 illo
458 1077 558 1154 gladio
580 1079 679 1153 perire
702 1096 760 1153 quo
783 1077 877 1136 frater
900 1079 1011 1138 occisus
1035 1080 1087 1137 est.

635 1298 742 1369 xiv.

145 1455 171 1494 1o
184 1432 375 1492 Indemnctos
406 1432 514 1491 liberos
550 1433 641 1492 110001
677 1433 816 1492 occidere.
868 1435 1014 1508 tyrannus
1050 1431 1198 1493 finitimae

230 1523 360 1582 civitatis
384 1521 439 1580 sub
460 1523 550 1580 minis
571 1521 644 1580 belli
666 1522 884 1581 adulescentem
907 1523 1072 1598 speciosum
1093 1525 1197 1598 postu·

227 1611 311 1669 lavit.
352 1611 458 1669 civitas
478 1610 616 1670 decrevit.
656 1613 744 1686 pater
765 1611 853 1669 illum
870 1612 936 1689 lege
955 1611 1197 1670 indemnatorum

227 1701 361 1776 peremit.
407 1717 475 1758 reus
499 1701 545 1760 est
566 1700 664 1760 laesae
686 1701 731 1758 rei
752 1698 896 1776 publicae.

249 1841 387 1918 Amplius
417 1842 497 1920 loges
526 1841 723 1918 impossibilia
752 1841 933 1916 desiderant,
966 1843 1105 1900 interemi
1133 1844 1196 1901 iam

142 1951 167 1992 1⁵
181 1933 258 1990 mon'
285 1931 433 1991 volentem
463 1932 494 1990 et
516 1931 701 1990 commodavi
727 1932 834 1990 misero
864 1949 993 1989 manum.
1034 1931 1093 1990 feci
1116 1932 1196 2007 qnod

181 2020 304 2080 licebat:
332 2020 426 2080 occidi
447 2020 550 2078 filium.
592 2020 643 2079 sed
664 2021 769 2098 ingens
796 2021 884 2098 pater
904 2021 1072 2096 praemium
1094 2021 1193 2079 retuli.

181 2111 293 2168 occisus
317 2112 369 2184 est,
394 2111 463 2167 ante
482 2128 571 2183 quam
590 2111 761 2167 moreretur.
806 2110 885 2185 peiit
905 2109 1002 2186 homo,
1024 2109 1076 2168 sed
1097 2109 1196 2185 pudor

181 2199 266 2256 vivit.

127 2338 167 2394 44
623 2331 751 2399 XLVI.

140 2485 167 2524 20
411 2455 644 2523 Indcmnatns
667 2457 826 2542 raptoris
848 2457 957 2525 filins,

179 2587 245 2646 Lnx
274 2606 447 2649 amnanvu.
495 2605 693 2648 manniaco
722 2605 853 2648 mannos
883 2605 996 2648 menan
1026 2605 1190 2648 occmnnn.

223 2678 344 2752 quidam
371 2679 474 2753 rapuit
501 2679 531 2736 01
558 2678 644 2756 fugit
691 2678 726 2736 de
752 2680 842 2753 raptu
869 2677 970 2753 puella
997 2680 1134 2754 concepit
1160 2682 1193 2737 01

222 2768 346 2842 peperit.
387 2785 504 2826 reverso
519 2768 639 2842 raptore
657 2767 758 2842 puella
776 2768 902 2825 mortem
915 2768 1045 2843 raptoris
1064 2769 1189 2843 optavit.

220 2855 316 2914 filium
334 2856 386 2914 ille
403 2856 608 2915 indemnatum
627 2856 693 2915 vult
711 2856 851 2915 occidere.
896 2857 985 2931 rapta
1003 2856 1189 2916 contradicit

137 3017 163 3058 ec
243 2997 311 3056 Nisi
333 2997 410 3057 forte
433 2998 557 3058 moleste
578 2997 652 3056 tulit
675 2998 754 3072 quod
780 3017 840 3056 non
862 3000 892 3056 01
916 2998 995 3056 hunc
1016 2999 1083 3074 ipsa
1106 2999 1188 3058 dam-

176 3089 269 3147 navit.
317 3089 379 3145 iam
408 3106 476 3146 cum
504 3086 557 3144 illo
592 3105 657 3146 mco
692 3105 790 3145 errore
828 3087 876 3146 vel
905 3087 985 3146 facto
1017 3087 1189 3148 voluntaiia

264 3256 468 3311 icontradicit
485 3265 513 3309 B
584 3255 723 3326 Sgaudio
741 3265 769 3309 B

264 3329 410 3383 actatum
437 3345 487 3382 om.
514 3337 535 3380 v
559 3329 608 3396 qui
636 3329 710 3383 solua
738 3329 855 3382 00000011
882 3326 1119 3394 declamationem
1150 3329 1186 3395 cf.

174 3399 492 3467 8011001,Α101101Χ,
505 3414 536 3467 p.
552 3403 616 3452 548.
725 3403 758 3452 15
776 3396 886 3453 volente
905 3399 934 3452 et
953 3397 1140 3454 commodavit
1158 3409 1185 3470 ι’,

174 3485 241 3526 corr.
257 3492 273 3522 ο
346 3476 378 3525 11
398 3473 464 3524 ante
482 3486 568 3538 quam
586 3469 692 3540 pudore
711 3471 865 3523 moreretur
883 3469 968 3524 Klotz
1306 3471 1307 3476 ’

263 3547 295 3596 21
315 3544 459 3610 raptorum
477 3550 531 3594 Bc
618 3546 652 3594 25
672 3541 700 3594 et
717 3555 774 3594 non
793 3541 821 3593 ct
838 3540 913 3594 hunc
930 3550 985 3596 Bo
1072 3545 1105 3594 16
1124 3540 1185 3597 fato
