2640 3918
183 189 224 253 38
515 188 709 244 CALPVRNII
728 189 855 244 soloci

128 357 168 414 it
644 349 726 419 ΙιΠ.

481 458 547 525 Vir
569 456 678 525 fortis
702 457 893 540 gladiator.

181 581 308 638 Iurams
332 597 393 639 sos
422 597 556 638 unumne
604 582 651 638 vir
677 581 763 640 fortis
790 581 822 638 in
851 581 965 655 piratas
992 580 1104 639 incidit.
1145 599 1192 638 re-

225 669 344 744 scripsit
366 670 483 744 patriae
507 667 542 727 de
570 668 780 744 redemptione.
825 668 879 726 illa
907 670 1039 728 cessante
1065 668 1192 727 redemit

154 775 167 818 s
225 777 292 816 eum
315 749 426 817 lanista
449 759 479 816 et
500 757 603 816 rudem
626 759 654 816 ei
675 760 707 815 in
733 775 822 816 arena
845 756 936 816 dedit.
980 775 1096 816 reverso
1118 757 1192 816 belli

225 850 357 923 tempore
380 847 538 905 denuntiat
559 847 700 905 militiam
722 848 893 923 imperator.

247 986 355 1046 Omnia
377 987 442 1046 fieri
459 1005 545 1065 posse
568 988 688 1063 credidi,
711 1008 778 1048 cum
801 1008 848 1047 me
871 988 992 1048 fortuna
1015 1006 1132 1048 serrum
1155 1007 1191 1047 ex

181 1077 274 1136 libero
302 1080 333 1136 et
363 1077 559 1155 gladiatorem
589 1078 624 1136 de
653 1079 718 1136 viro
750 1077 827 1136 forte
856 1077 981 1137 fecisset.
1026 1079 1193 1152 imperator

182 1165 265 1225 vobis
288 1168 399 1245 ingerit
428 1168 555 1226 militem
581 1169 664 1226 cuius
691 1185 812 1242 operam
839 1185 899 1225 non
921 1183 983 1225 esse
1010 1165 1191 1242 reipublicae

143 1276 168 1315 ro
183 1257 378 1315 necessariam
408 1258 540 1331 proxime
569 1274 629 1314 non
657 1256 827 1314 redimendo
856 1256 1019 1315 indicastis.
1072 1257 1191 1314 veniam

181 1363 200 1403 a
216 1344 309 1419 vobis,
332 1345 453 1418 indicae,
475 1344 603 1420 postulo,
625 1344 706 1420 quod
724 1344 874 1423 gladiator
890 1345 1011 1404 infamis
1030 1346 1062 1402 in
1079 1344 1190 1404 iudicio

179 1433 294 1509 loquor.
331 1434 437 1508 erravi,
450 1433 571 1508 iudices,
585 1434 690 1507 fateor,
704 1435 802 1492 erravi
817 1435 869 1508 qui
882 1452 997 1509 semper
1011 1433 1122 1492 credidi
1135 1435 1190 1491 im-

180 1522 395 1582 mortalitatem
409 1540 471 1581 osse
480 1541 534 1597 pro
548 1521 700 1597 republica
714 1524 799 1595 mori,
813 1541 880 1582 oum
894 1522 974 1581 fama
989 1524 1080 1581 etiam
1089 1524 1191 1582 viven-

179 1612 256 1669 tium
285 1613 481 1670 consenesoat.
523 1611 719 1689 gladiatorem
743 1631 790 1669 me
817 1611 890 1670 fecit
917 1630 977 1670 non
999 1613 1112 1686 prata,
1139 1611 1191 1670 sed

141 1719 166 1759 rs
181 1701 288 1775 patria.
329 1699 389 1773 sed,
407 1718 424 1758 o
442 1701 547 1776 viras,
565 1701 598 1758 in
616 1699 746 1759 adversis
762 1718 868 1774 comes,
887 1701 950 1759 sola
968 1703 1002 1758 tu
1023 1719 1070 1758 me
1089 1705 1191 1760 secuta

179 1791 212 1847 in
241 1807 401 1863 carcerem,
435 1790 470 1847 tu
503 1790 536 1847 in
558 1787 674 1861 ludum,
703 1791 802 1847 virum
834 1789 943 1848 fortem
973 1792 1008 1847 tu
1037 1789 1101 1848 sola
1130 1808 1191 1848 non

180 1877 299 1953 decipis.
336 1879 418 1938 scitis
437 1895 493 1954 me,
516 1877 637 1952 iudices,
654 1879 821 1954 periculum
838 1879 1038 1951 contemner03
1061 1878 1113 1937 sed
1131 1896 1191 1937 non

179 1969 335 2026 contemno
349 1967 505 2046 flagitium.
535 1968 633 2028 virum
646 1969 740 2046 igitur
754 1967 951 2046 gladiatorem
964 1968 1056 2045 negat
1070 1961 1187 2045 [negat]

180 2057 289 2130 aliquis
311 2053 476 2115 infamem?
499 2075 538 2114 an
560 2051 649 2134 (me)
674 2058 764 2134 negat
787 2054 1004 2133 gladiatorem?
1030 2057 1190 2131 utrumque

140 2165 166 2204 so
179 2144 366 2204 mendacium
389 2147 441 2204 ast.
487 2163 582 2219 neque
606 2146 684 2203 enim
712 2145 881 2204 condicione
907 2144 1086 2222 gladiatoria
1109 2147 1189 2219 quio-

181 2252 270 2308 quam
293 2237 338 2293 est
360 2233 503 2291 humilius
531 2235 564 2291 in
594 2235 694 2311 vulgo,
724 2253 777 2293 neo
798 2252 865 2292 meo
888 2235 1006 2292 nomine
1030 2235 1190 2309 quicquam

179 2321 308 2382 nobilius
326 2324 359 2380 in
377 2322 455 2381 ludo.
498 2315 668 2396 ‘fortunae',
690 2324 798 2398 inquit,
821 2316 912 2380 ‘fuit’.
954 2340 1106 2398 quousque
1129 2322 1189 2380 for-

178 2412 284 2470 tunam
306 2411 431 2470 facimus
454 2412 651 2469 humanorum
678 2413 865 2490 negotiorum
887 2408 991 2470 ream?
1030 2413 1107 2469 esto:
1130 2412 1189 2470 for·

178 2500 253 2559 tuna
270 2495 350 2575 fe'oit,
367 2503 403 2558 ut
420 2518 549 2575 caperer,
568 2501 634 2574 quis
652 2501 732 2574 facit,
750 2502 785 2558 ut
802 2519 887 2558 nemo
906 2498 1084 2559 redimeret?
1106 2502 1145 2574 et,
1164 2501 1190 2559 si

141 2606 168 2647 ss
181 2590 307 2650 victoria
330 2589 420 2648 solita
442 2590 620 2665 provenerit,
642 2591 711 2664 post
733 2589 836 2648 rudem
858 2586 1070 2665 triumphabo?

127 2765 163 2820 51
630 2758 734 2826 LIII.

506 2866 665 2934 Invicem
688 2865 860 2949 adoptati.

180 2991 297 3066 Pauper
311 2994 342 3049 et
355 2990 438 3049 dives
451 2990 565 3048 inimici
579 2991 637 3048 visi
659 2990 729 3048 sunt
746 2990 778 3046 in
792 2990 922 3068 gratim
935 2988 1065 3048 rediisse.
1103 2986 1189 3047 dede-

224 3081 295 3138 runt
308 3081 435 3138 invicem
452 3078 530 3137 filios
544 3077 738 3153 adoptandos.
780 3078 861 3138 dives
876 3077 984 3137 occidit
997 3078 1063 3155 lege
1076 3077 1188 3136 indem-

270 3211 564 3282 igladiatorzclao
629 3211 805 3266 tinem]
870 3211 1012 3281 tpatrie
1073 3209 1179 3264 illoe'

181 3287 336 3338 cessantem
354 3285 551 3352 Bo(mer.0)
626 3282 850 3337 beiszetBo
922 3281 1190 3337 8fortet'testcatc

180 3357 305 3412 Scbwob:
323 3355 432 3411 sertin
487 3353 587 3408 fecisse
603 3365 624 3407 o
684 3359 717 3407 12
731 3352 794 3422 quis
809 3354 852 3407 est
864 3369 915 3422 per
927 3362 981 3407 Bo
1039 3357 1072 3407 18
1086 3352 1189 3407 virum:

179 3431 274 3482 ntrnm
289 3427 337 3484 Gr.
405 3426 555 3496 negatdel.
570 3426 701 3481 Pithoeus
769 3429 801 3479 19
816 3440 860 3479 ma
875 3424 938 3480 add.
956 3423 1003 3480 Gr.
1072 3429 1106 3477 2⁰
1126 3440 1190 3478 oon-

181 3499 252 3553 ditio
270 3509 324 3553 Bo
393 3503 427 3552 24
447 3500 477 3552 at
495 3497 519 3551 si
537 3497 680 3568 Solmltiag

271 3576 304 3624 28
323 3570 353 3624 in
372 3570 465 3641 gratia
483 3567 613 3624 residissa
634 3579 655 3622 o
725 3571 758 3620 29
777 3565 1004 3622 indemnatorum
1024 3577 1045 3620 o
