2640 3918
405 180 714 278 nasammonas
732 219 890 274 xri-xiv.
1111 220 1155 286 13

210 391 306 467 Absit,
329 391 510 450 sancturus
531 390 656 463 iudices,
678 391 713 448 ut
734 390 812 449 hanc
834 406 887 449 vos
909 388 998 448 iidem
1019 391 1155 465 tyranni-

143 481 216 542 cidii
233 480 397 540 detrahetis
412 497 502 554 quam
520 481 551 538 et
566 478 696 539 medicus
714 478 934 538 confirmaverit
952 479 983 536 et
1000 480 1154 554 tyrannus.

144 569 316 648 confingemt
332 567 458 628 nocendi
475 568 670 643 voluntatem,
687 569 847 643 postquam
865 566 992 626 sanandi
1008 586 1072 626 rem
1088 586 1154 643 per-

145 659 291 718 didemnt.
335 673 446 734 poenas
470 675 551 716 meas
575 657 645 716 hinc
669 658 812 734 cogiute,
841 657 875 716 in
896 655 1004 731 quibus
1029 675 1083 717 nec
1110 658 1156 714 ira

145 767 198 808 neo
220 750 329 807 natura
351 747 484 806 cessavit,
520 745 693 820 ¹tolerabilis
716 747 762 805 vis
788 747 841 819 est,
864 744 916 803 ubi
943 745 981 803 ad
1002 746 1183 806 consuetu-s

142 837 244 896 dinem
270 835 344 894 mali
369 852 459 894 causa
481 835 665 894 necessitatis
690 836 823 912 emergit.
868 835 1035 910 praemium
1057 852 1156 894 conse·

140 927 248 1002 quitur
277 925 329 999 qui
360 941 448 983 ausus
480 925 525 983 est
554 925 585 983 et
615 923 789 983 confirmare
820 941 919 982 meum
950 941 1098 982 venenum
1127 925 1158 982 et

144 1033 232 1074 suum
253 1011 415 1073 remedium
431 1012 574 1088 polliceri.
616 1013 691 1071 ultio
710 1013 830 1088 quidem
848 1012 910 1086 illa,
934 1029 994 1071 non
1012 1014 1156 1088 quaestio,

141 1107 290 1179 tyrannus
304 1119 450 1160 venenum
463 1095 564 1178 (non)
579 1103 737 1177 quaesivit,
755 1101 806 1160 sed
824 1101 996 1160 vindicavit.
1033 1119 1157 1176 equam

144 1193 234 1252 facile
266 1193 373 1270 gerunt
402 1192 621 1265 persuasiones,
649 1189 879 1265 illecebramque
911 1192 944 1248 in
974 1192 1157 1249 contrarium
1172 1211 1198 1250 ιι

144 1279 341 1340 transferant!
382 1281 417 1337 ut
443 1280 525 1338 virus
552 1279 689 1355 serpebat
715 1281 854 1354 interius,
884 1280 915 1336 et
945 1281 1027 1338 artus
1057 1297 1157 1338 omnes

144 1371 236 1447 longa
257 1387 419 1444 poenarum
442 1368 585 1428 dilafione
607 1367 802 1447 languebant,
830 1366 1005 1427 veneficium
1027 1370 1088 1426 iam
1110 1370 1157 1443 ty-

144 1475 257 1518 rannus
293 1458 468 1536 agnoverat,
505 1459 577 1533 quia
611 1459 775 1517 instantem
810 1458 967 1516 interitum
1003 1456 1157 1516 sentiebat.

146 1549 291 1606 festinans
309 1546 456 1606 medicum
473 1545 639 1624 flagitabat.
672 1547 758 1606 -unde
775 1565 922 1605 venenum
939 1547 1004 1604 tam
1023 1546 1159 1605 celeriter

145 1633 355 1713 praeparasti?
393 1633 468 1694 dicis
490 1635 580 1694 torte:
608 1637 703 1694 maior
724 1635 800 1694 mihi
826 1634 918 1694 dandi
939 1637 1047 1693 veneni
1068 1634 1159 1694 fiebat
1173 1656 1199 1696 rs

145 1726 261 1785 occasio
285 1742 362 1800 quae
389 1743 424 1782 ex
450 1725 544 1798 ipsius
572 1725 726 1784 voluntate
753 1724 899 1783 veniebat.
945 1726 1082 1782 nativum
1103 1724 1159 1784 hoc

146 1831 240 1893 genus
257 1815 348 1872 moris
366 1815 420 1889 est,
438 1815 472 1871 ut
490 1831 525 1871 ex
543 1831 630 1872 sensu
646 1815 746 1888 priore
764 1813 803 1873 ad
820 1814 927 1873 cuncta
945 1814 1061 1872 cautor
1079 1813 1159 1872 solli-

146 1902 248 1963 citudo
274 1901 423 1978 procedat.
469 1919 567 1960 nonne
592 1904 654 1960 iam
682 1901 762 1978 apud
787 1904 951 1978 tyrannum
977 1903 1084 1961 cuncta
1112 1919 1158 1960 su-

147 1993 249 2068 specta
278 2007 417 2066 praesens
451 1991 578 2050 formido
612 1989 760 2050 faciebat?
811 1991 959 2050 medicum
991 1992 1058 2049 tota
1092 2009 1160 2050 arce

146 2075 368 2158 clamaba<n>t,
390 2081 476 2155 quasi
493 2098 548 2158 ego
567 2078 603 2138 de
620 2079 820 2156 tyrannicidio
843 2098 903 2138 non
920 2097 1081 2182 negassem.
1127 2081 1161 2138 in
1174 2102 1201 2142 ro

148 2187 216 2230 arce
238 2170 438 2278 enecavimus.
461 2168 592 2228 deseruit
613 2187 667 2228 nee
689 2187 844 2228 venenum

604 2391 702 2461 xlv.

356 2514 571 2601 <Abdicatus
593 2518 734 2600 patrem
756 2517 949 2600 liberans.)

149 2639 310 2699 Anmcvvs
333 2656 527 2699 nsunsarom
550 2657 686 2699 snavmr.
727 2655 900 2698 nanicnrvs
930 2657 971 2696 us
995 2655 1084 2697 coms
1107 2657 1161 2696 aa·

195 2745 304 2788 varrus
326 2745 411 2786 vnvm
433 2746 564 2786 ananan.
605 2745 802 2788 amnavoavu
829 2745 911 2786 sous
934 2745 977 2785 an
999 2744 1160 2788 ramosos
1174 2749 1200 2789 ιι

241 2888 463 2958 ltyrannicidio
477 2889 620 2961 &bulting
689 2893 705 2941 3
719 2889 873 2943 remedium
888 2900 904 2941 s
971 2894 988 2942 4
1003 2887 1127 2960 cogitare
1142 2899 1164 2942 c

151 2959 374 3016 bintolerabilis
396 2962 558 3026 Βιιιιιιιιιιιι,
583 2961 669 3027 felem
691 2960 726 3026 cf.
746 2961 854 3025 Weber,
876 2967 977 3030 quemi.
1001 2961 1078 3029 Oalp.
1092 2977 1122 3029 p.
1143 2963 1162 3013 8

152 3038 289 3099 tconseq
289 3033 371 3085 netur
388 3033 519 3087 Pithoeus
652 3031 807 3085 Sultio—
820 3031 976 3086 vindicavit
998 3037 1061 3085 aute
1081 3047 1162 3101 prae·

150 3101 286 3156 mium-
255 3101 427 3172 —polliceri
436 3102 688 3173 posattSebalte'ap
754 3102 1011 3171 quintiacum
1076 3106 1163 3155 9non

151 3175 209 3228 add
232 3173 280 3228 Gr.
361 3173 498 3228 indicavit
513 3173 560 3228 Gr.
651 3179 684 3227 10
702 3171 799 3227 faciles
819 3175 968 3228 Burmann
1048 3174 1161 3243 gerunt.

151 3247 246 3298 errant
267 3245 378 3299 Obrecht
488 3250 520 3298 11
539 3245 713 3298 maslerant
729 3246 774 3298 ut:
797 3244 1004 3298 transferuntur
1022 3253 1054 3310 (ις
1072 3246 1164 3297 trans

151 3316 246 3370 ierunt
264 3324 292 3369 B
411 3315 552 3386 serpebat:
577 3315 718 3370 scribebat
734 3323 798 3381 3⁶3
817 3332 885 3370 corr.
903 3327 920 3367 s
1048 3330 1129 3368 arcus
1144 3325 1166 3369 ι·

154 3393 187 3442 lt
205 3385 351 3440 venenis:
369 3387 440 3441 bene
458 3396 512 3440 Bc
612 3392 646 3440 20
666 3385 807 3440 clamabat
824 3395 888 3453 Βος
911 3403 979 3440 corr.
999 3387 1163 3453 Bsermaam

152 3457 316 3513 inclamavit
333 3458 476 3528 Sebaltiag
547 3465 579 3512 21
599 3474 692 3512 arcem
709 3467 759 3512 110
826 3473 891 3512 nec:
910 3472 954 3510 me
972 3455 1088 3512 editores

241 3535 275 3582 ιι
295 3530 469 3584 tinctionem.
484 3538 543 3595 Bc,
561 3528 1163 3598 cabetulocopoeaerautflrubroeolore

153 3606 179 3654 et
196 3621 212 3652 e
231 3599 396 3670 Calpurnius
468 3606 503 3654 24
522 3572 660 3656 adductus
677 3610 732 3655 Bo
800 3599 941 3654 fenerator
960 3610 982 3654 c
