2640 3918
373 234 677 290 DECLAMATIONES
696 235 891 291 XVI-XVIII.
1096 237 1136 301 Π

123 405 202 465 lauti
223 403 319 464 dedit:
344 407 479 480 quamvis
502 407 602 464 omnia
625 409 712 482 pater
732 406 797 481 ipse
820 408 938 465 curaret
960 409 991 465 et
1012 408 1135 484 regeret.

121 495 250 570 imploro
283 493 427 553 auxilium
462 491 541 569 quod
568 497 661 554 vestri
690 496 817 554 maiores
847 497 939 555 servia
966 497 1028 554 iam
1057 497 1136 555 natis

124 585 316 659 reliquerunt.
358 603 451 642 unum
473 603 533 642 non
556 586 601 643 est
622 586 655 643 in
674 603 704 644 ae
743 585 817 642 ‘tute
839 586 922 643 nasci
945 587 975 642 et
994 584 1136 644 libertate

123 674 254 731 multari.
297 673 400 732 statim
418 672 570 732 credidisti
591 672 685 732 fidum
704 674 734 732 et
756 673 896 732 idoneum
913 673 1062 748 iudicasti,
1085 674 1137 734 sed

123 781 184 821 non
211 780 274 821 esee
302 761 419 820 felicem
448 763 510 820 iam
538 764 604 819 tum
634 763 708 821 scire
737 763 871 836 potuisti.
921 757 1046 822 ‘occisus
1070 758 1162 837 est',s

122 851 237 926 inquit,
260 844 350 909 ‘filius
378 845 480 910 meus'.
527 852 553 910 si
578 852 702 926 iniuria,
731 851 953 910 interfectorem
976 871 1079 930 argue,
1111 853 1137 911 si

122 941 197 1013 iure,
220 940 307 1017 leges.
354 957 407 1018 ego
430 940 517 998 illum
536 938 704 998 adulterum
723 940 788 1014 feci,
812 940 907 1016 credo,
930 941 1048 999 luxuria
1070 960 1137 1000 mea

123 1047 226 1088 servus
248 1029 382 1088 novicius
405 1030 435 1087 et
457 1047 579 1104 pauper,
602 1030 672 1087 ante
696 1047 786 1103 quam
804 1048 913 1090 servus.
959 1030 1055 1089 multa
1077 1030 1137 1088 lar-

123 1117 262 1196 giebaris,
284 1116 458 1196 indulgebas
481 1119 590 1192 omnia,
613 1118 689 1175 nihil
712 1137 844 1192 unquam
866 1118 1004 1197 negabas.

558 1339 697 1410 XVIII.
1153 1374 1178 1412 ro

465 1481 607 1549 Armati
629 1484 796 1554 abdicati.

124 1631 266 1690 Abdicati
289 1632 327 1690 ad
349 1634 463 1691 curiam
486 1637 687 1692 convenerunt
707 1637 817 1693 armati
838 1619 973 1710 petentes
996 1637 1138 1694 revocari.

170 1740 246 1780 unus
269 1740 304 1779 eu
331 1721 467 1796 patribus
498 1723 685 1781 contradixit.
727 1723 806 1783 filius
836 1725 899 1784 eius
925 1743 955 1784 se
978 1725 1138 1784 interemit.

171 1809 250 1868 idem
273 1810 385 1886 suadet,
408 1812 443 1869 ut
465 1812 655 1886 recipiantur.

192 1987 274 2061 Peto,
296 1989 331 2046 ut
353 1988 533 2067 indulgeatis
556 1991 619 2048 irae
642 1990 828 2065 domesticae,
852 2009 918 2049 cum
941 2010 988 2048 me
1011 1991 1138 2051 videatis
1153 2011 1178 2052 rs

124 2076 262 2152 publicae
279 2079 431 2151 paenitere
449 2079 621 2137 sententiae.
658 2097 738 2154 nam,
756 2081 834 2138 sicut
851 2081 884 2138 in
904 2081 971 2138 vite*
986 2099 1140 2154 nunquam

124 2183 225 2224 errare
254 2166 349 2225 felicis
379 2168 436 2242 est,
465 2168 510 2225 ita
540 2185 667 2226 errorem
703 2187 792 2242 quam
823 2170 954 2244 primum
984 2169 1140 2228 emendare

125 2256 277 2329 sapientis.
322 2257 481 2330 parentum
503 2256 558 2314 illa
580 2257 755 2316 deliberatio
778 2258 850 2332 fuit,
873 2257 945 2316 haec
968 2260 1029 2316 iam
1053 2277 1139 2318 cuno-

125 2345 203 2402 tatio
220 2344 437 2418 parricidarum
455 2346 507 2404 est.
549 2347 648 2404 aetate
661 2347 740 2421 lapsi
758 2348 835 2422 sunt,
855 2347 987 2424 egestate
1006 2349 1138 2406 correcti.

125 2435 158 2490 in
180 2431 237 2491 hoo
259 2451 311 2492 vos
334 2451 488 2493 exoramus
515 2434 594 2509 loco,
622 2436 655 2492 in
683 2455 740 2510 quo
765 2437 856 2494 etiam
878 2435 977 2495 hostes
1008 2439 1141 2512 superati
1154 2457 1181 2496 ro

125 2540 186 2580 non
209 2521 320 2581 flustra
338 2524 589 2598 supplicaverunt.
630 2542 684 2600 ego
702 2525 755 2583 ille
772 2525 868 2584 tristis
887 2527 919 2583 et
937 2543 1051 2599 saevae,
1074 2544 1142 2585 oum

126 2609 309 2684 abdicarem,
344 2613 446 2669 tamen
473 2611 543 2670 flevi
572 2613 603 2670 et
630 2631 745 2688 semper
775 2633 809 2672 ex
842 2631 889 2688 ec,
922 2613 994 2672 lieet
1022 2615 1142 2688 tacitus,

127 2702 262 2777 ingemui
285 2702 315 2758 et
337 2703 538 2775 opportunum
560 2701 607 2760 ina
625 2703 824 2762 restitutionis
847 2704 958 2777 optavi.
1003 2706 1143 2763 restituet

126 2788 213 2848 nobis
227 2787 304 2848 filios
318 2791 481 2848 auctoritas
499 2789 620 2864 publica
633 2793 789 2866 tamquam
806 2791 868 2850 alia
881 2794 997 2850 natura.
1039 2811 1143 2852 vereor

127 2879 203 2951 iam,
225 2875 258 2934 P.
278 2874 319 2951 0,
341 2895 378 2936 ne
408 2879 572 2952 sapientior
593 2879 731 2938 videatur
754 2883 784 2938 et
807 2882 915 2940 certior
943 2879 995 2939 ille
1023 2879 1141 2941 abdica·
1155 2903 1181 2942 sa

127 2969 228 3025 torum
257 2968 384 3026 senatus.
437 2967 546 3040 fateor,
577 2971 760 3028 armatorum
794 2970 871 3028 faeie
902 2988 962 3028 non
991 2971 1140 3030 immerito

125 3057 286 3132 terremur,
313 3049 467 3134 <fatetur>
490 3058 569 3115 enim
599 3075 684 3116 suam
713 3061 847 3117 mortem.
895 3059 1142 3134 quemadmodum

219 3262 283 3315 let
300 3264 382 3330 pater
400 3269 428 3314 Β
525 3261 694 3316 3servitute
712 3274 740 3316 a:
761 3278 817 3316 -em
835 3273 889 3317 Bo
981 3263 1142 3319 libertatem

127 3331 218 3385 ultam
237 3340 290 3386 Bc
360 3332 516 3386 8novitiue
535 3341 588 3386 Bc
657 3333 806 3403 largiuaris
825 3344 879 3389 Bc

219 3409 251 3457 16
270 3402 401 3473 publicae
423 3405 567 3458 Pithoeus:
585 3403 698 3473 publica
716 3414 770 3460 Bc
854 3411 887 3460 18
912 3423 976 3460 oum
1000 3407 1084 3461 statio
1107 3417 1142 3474 B,

128 3493 197 3529 corr.
216 3473 257 3528 a?
356 3479 389 3528 19
408 3473 622 3544 parricidiorum
640 3484 695 3529 Bo
791 3479 856 3530 sunt
874 3477 1030 3550 saurim.-
1048 3496 1143 3532 eumue

134 3554 188 3600 lc
267 3552 299 3599 21
321 3561 386 3616 ergo
407 3556 428 3599 c
508 3562 602 3600 servus
621 3555 675 3600 Bc
757 3553 791 3601 23
811 3550 840 3602 et
856 3547 982 3618 ingemui
1000 3559 1093 3605 om]

134 3633 182 3669 rus
200 3627 221 3670 c
290 3622 323 3669 27
343 3615 449 3671 fatetur
466 3617 529 3672 odd.
544 3619 684 3673 Deeeaaer
701 3625 727 3673 at
748 3618 851 3687 Weber,
866 3638 895 3690 p.
910 3624 953 3675 12.

186 3715 321 3757 Onnrvnurr
337 3719 688 3759 rnncc1nncnsusuiounsad.
704 3719 831 3759 Lehnert
968 3715 984 3762 2
