2640 3918
186 209 228 272 22
525 209 719 264 CALPVRNII
737 211 863 267 FLAOCI

622 425 754 494 XXIV.

360 566 593 633 Indomnatus
616 567 818 633 carnificem
841 586 1020 636 recusans.

184 717 270 776 ann
297 733 540 776 mnnnsxnonvn
567 716 803 776 interficiendum
829 713 918 793 pater
942 719 1038 777 filium
1066 719 1199 779 carnifici

227 806 359 865 tradidit.
400 805 455 863 llle
474 806 540 864 vult
558 824 648 863 manu
666 808 761 880 patris
779 806 913 866 interfici.
950 810 1038 882 pater
1057 810 1121 883 ipse
1146 811 1200 884 qui
1304 809 1305 874 l

157 915 169 954 5
227 896 325 954 fuerat
348 894 488 968 offensus,
516 895 594 953 ultro
619 914 649 953 se
679 913 738 954 non
760 915 846 970 posse
873 897 970 956 facere
994 898 1072 972 quod
1095 916 1198 972 coepe·

226 986 275 1042 rat
297 983 460 1043 confitetur.
1304 997 1305 1036 f

248 1161 344 1230 Quam
366 1163 546 1239 morigerum
569 1161 626 1220 sibi
649 1161 745 1220 filium
769 1182 855 1221 senex
876 1165 933 1222 iste
956 1165 1103 1237 formarit,
1126 1166 1196 1223 nolo
1304 1141 1305 1180 ἶ

182 1252 264 1310 aliud
276 1251 419 1310 indicium
439 1270 529 1326 quam
548 1251 634 1324 quod,
653 1270 690 1309 ne
704 1255 820 1326 patrem
839 1252 977 1326 laederet,
996 1271 1050 1311 nec
1068 1255 1197 1312 mortem
1304 1281 1305 1286 ¹

181 1341 337 1400 recusavit.
383 1342 461 1398 mori
483 1341 579 1399 iussus
603 1339 774 1400 adulescens
797 1341 829 1399 in
851 1343 956 1415 primis
980 1341 1077 1400 adhuc
1100 1344 1196 1416 annis,

142 1448 167 1488 ro
182 1448 239 1505 quo
262 1431 396 1504 tempore
424 1431 453 1486 et
480 1430 545 1486 vita
570 1430 723 1488 carissima
745 1431 791 1489 ost
820 1432 850 1488 et
880 1449 958 1489 mors
986 1429 1105 1505 acerba,
1136 1449 1196 1490 non

182 1537 291 1594 quaero
315 1519 417 1576 vitam.
464 1519 489 1576 si
511 1520 623 1591 potest,
646 1518 737 1576 feriat
758 1519 888 1577 hostiam
912 1537 1001 1593 quam
1025 1519 1081 1578 diis
1104 1538 1195 1595 pena-

180 1607 260 1666 tibus
283 1608 379 1679 vovit,
403 1608 476 1666 satis
499 1606 556 1665 sibi
578 1607 671 1665 faciat
694 1626 759 1666 meo
783 1609 939 1685 sanguine,
962 1611 1054 1666 immo
1078 1611 1195 1684 etipse

181 1715 246 1770 suo,
270 1697 427 1754 dummodo
450 1714 488 1754 ne
509 1713 563 1770 per
585 1715 707 1754 manum
730 1697 820 1755 vilem
842 1699 889 1756 ius
911 1699 1034 1772 pietatis
1057 1698 1195 1772 infuscet,

181 1787 252 1860 quia
280 1805 334 1844 nec
363 1787 436 1844 iuris
466 1786 544 1842 ratio
573 1786 735 1860 permittit,
768 1787 802 1844 ut
831 1784 1008 1844 adhibeatur
1038 1786 1196 1846 adversum

141 1893 166 1932 15
181 1894 248 1934 eum
271 1876 410 1950 carnifex,
435 1876 574 1949 inquom
597 1893 657 1932 non
674 1875 733 1932 fuit
750 1875 845 1932 iudex.
891 1874 984 1934 faciat
1002 1877 1083 1934 vitae
1105 1875 1195 1934 finem

181 1966 233 2040 qui
251 1966 396 2042 originem
414 1964 498 2038 fecit,
522 1980 582 2021 non
605 1962 640 2021 de
659 1964 754 2020 morte
773 1983 840 2021 cum
857 1966 943 2037 patre
965 1963 1016 2023 sod
1034 1964 1070 2022 do
1088 1967 1195 2024 mortis

181 2047 303 2132 [patris]
328 2071 434 2130 genere
453 2053 603 2111 dissentio.
650 2053 763 2127 eripere
781 2054 826 2112 vis
845 2054 940 2110 vitam
960 2071 1050 2128 quam
1072 2052 1194 2113 dedisti:

179 2161 239 2200 non
268 2140 427 2200 infitiabor.
474 2141 546 2215 quid
574 2159 629 2214 per
655 2141 784 2199 alterum
810 2139 910 2215 petis?
954 2144 1000 2201 ius
1032 2143 1110 2216 quod
1137 2143 1195 2201 tibi

179 2231 325 2304 vindicas,
355 2231 495 2304 experire.
545 2247 631 2286 nemo
661 2233 692 2288 tc
720 2229 871 2304 prohibet:
902 2232 1014 2304 occide,
1045 2233 1071 2289 si
1099 2234 1194 2307 potes,

140 2339 166 2377 ao
180 2319 332 2392 confitere,
362 2313 431 2397 (si)
460 2337 520 2376 non
548 2321 641 2392 potes.
693 2337 779 2376 nemo
811 2338 954 2394 umquam
983 2321 1194 2398 magistratum

179 2409 251 2468 fecit
269 2410 413 2467 vicarium
436 2409 539 2466 necin
562 2407 621 2465 alio
645 2407 790 2465 militavit
812 2427 866 2467 noc
889 2426 974 2467 sacra
997 2403 1195 2487 gentil<ic>ia

179 2499 322 2556 insertiva
348 2499 440 2571 stirne
470 2497 610 2570 corrupit.
656 2497 720 2554 vita
747 2497 821 2555 mihi
846 2498 976 2570 tollitur,
1007 2498 1058 2557 sed
1087 2515 1194 2557 manus

178 2589 304 2661 paterna
322 2585 416 2645 debet.
458 2604 518 2643 non
535 2587 629 2660 potes,
647 2588 741 2662 pater,
760 2587 834 2664 legis
854 2587 984 2646 eiusdem
1005 2589 1036 2644 et
1053 2589 1193 2664 inrogare

180 2677 358 2751 supplicium
377 2679 406 2734 et
425 2674 570 2751 denegare
585 2675 734 2733 solacium.
772 2675 897 2749 placabo
916 2675 1067 2734 dexteram
1085 2694 1193 2750 meam,

140 2783 165 2823 rs
180 2766 259 2839 cedo,
281 2767 429 2839 tantisper
451 2764 609 2822 exosculor.
656 2782 672 2821 o
696 2783 815 2838 manus,
843 2765 914 2822 olim
937 2783 1016 2839 mea,
1046 2783 1121 2838 quae
1145 2785 1193 2824 me

178 2855 337 2930 parvulum
360 2871 447 2928 saepe
474 2854 611 2930 gestasti,
636 2871 725 2926 quam
749 2871 835 2927 saepe
863 2854 993 2912 lacrimis
1023 2872 1098 2928 puer
1120 2853 1191 2912 lavi.
1304 2867 1305 2870 ’

179 2961 259 3002 erras
277 2945 363 3018 pater
383 2944 434 3016 qui
451 2941 569 3000 facilius
588 2943 739 3000 existimas
760 2942 929 3000 huiusmodi
952 2943 1071 3002 caedem
1090 2943 1191 3002 videre

179 3051 269 3107 quam
291 3032 396 3090 facere.

268 3200 431 3305 aracusa}
451 3246 473 3289 c
560 3235 706 3289 Slaedere
724 3243 788 3301 Βος
807 3252 874 3289 corr.
897 3235 945 3288 Gr.
1038 3241 1069 3288 11
1091 3252 1193 3304 queror

180 3308 227 3360 Gr.
244 3307 327 3362 deleto
341 3308 429 3360 vitam
491 3305 575 3360 feriat
592 3307 653 3360 Gr:
672 3307 732 3359 ficri
752 3307 788 3358 ad
802 3315 856 3358 Bc
916 3311 947 3358 12
962 3306 1040 3359 novit
1060 3317 1081 3360 c
1139 3307 1191 3361 fiac

178 3387 232 3431 Bc
301 3379 361 3448 ipsc
378 3379 441 3432 Gn:
459 3377 521 3447 ipsa
540 3386 603 3444 1303
622 3377 716 3446 ipsos
788 3382 991 3431 13neom.B
1063 3383 1095 3431 16
1113 3395 1191 3432 more

177 3458 231 3502 110
306 3456 337 3502 17
353 3450 441 3519 patris
457 3451 506 3504 del.
523 3449 652 3504 Pithoeus
731 3454 764 3501 19
778 3447 910 3502 vendicas
924 3457 952 3501 Β
1028 3453 1061 3501 ἓο
1081 3449 1105 3502 si
1124 3451 1189 3504 add.

180 3521 291 3575 Obrecht
350 3521 592 3591 argentinam
612 3532 713 3574 corre
776 3525 809 3572 22
826 3519 941 3574 insitiva
957 3519 1005 3574 Gr.
1062 3526 1095 3573 ‘23
1109 3519 1191 3590 legu-
1304 3527 1305 3594 ζ

178 3592 216 3645 sis
236 3593 295 3646 eius
315 3593 408 3647 demet
425 3601 454 3645 Β
1304 3611 1305 3644 l
