2640 3918
537 196 731 252 CALPVRNII
748 195 875 251 FLAOCI

680 412 732 480 Π.

147 614 151 620 ,
536 537 646 604 Natus
669 529 878 623 Aethiopus.

199 665 338 725 Matrona
362 666 460 726 habet.
497 667 674 744 Aethiopem
696 651 820 751 peperit.
859 661 994 748 arguitur
1019 670 1165 730 adulterii.
1279 760 1283 768 ὁ

266 807 378 884 Expers
407 809 512 868 iudicii
546 812 591 869 θεὴ
621 829 716 870 amor:
751 829 810 870 non
839 813 985 870 rationem
1014 811 1117 887 habet,
1150 832 1210 872 non

174 900 373 969 asamona,-
400 901 458 957 ala'o
477 901 530 957 ain
553 918 653 958 omnes
678 900 757 958 idem
785 918 958 958 amaremus.
999 920 1211 977 nonnunquam

200 986 413 1046 incredibiliter
440 917 575 1064 paccare,
603 991 681 1047 ratio
708 989 849 1064 peooandi
876 991 928 1048 est.
976 984 1046 1048 ‘non
1075 985 1210 1065 semper’,

199 1077 302 1149 iaq'ait,
323 1071 446 1136 ‘similes
463 1077 636 1153 parentibus
654 1077 741 1136 liberi
761 1071 941 1138 naseuntur’.
979 1078 1051 1153 quid
1068 1077 1125 1138 tibi
1143 1099 1210 1138 oum

200 1165 258 1223 isto
280 1167 448 1240 patrocinio
472 1168 530 1240 est,
559 1169 620 1225 atsi
640 1171 674 1224 ot
695 1172 838 1240 apparent
860 1171 886 1225 te
903 1183 1038 1240 peccasse
1060 1167 1211 1228 securius?

200 1255 344 1312 miramur
362 1255 438 1314 hana
455 1255 553 1332 legem
572 1273 633 1314 esse
651 1258 785 1329 naturae,
803 1258 887 1314 utin
905 1255 1036 1315 sobolem
1055 1258 1211 1316 transeant

160 1363 185 1402 ro
199 1343 324 1418 formae,
357 1362 430 1416 qaas
464 1347 550 1416 qnasi
580 1345 738 1417 descriptas
773 1345 884 1419 speeies
914 1343 1105 1404 custodiunt?
1155 1365 1211 1405 sua

198 1432 304 1506 auique
332 1434 414 1509 genti
437 1432 527 1491 etiam
554 1432 645 1491 facies
672 1435 779 1492 manet.
825 1433 910 1492 rutili
937 1436 1006 1493 sunt
1034 1433 1212 1494 Germosaiae

197 1521 295 1579 onitas
325 1525 351 1578 et
379 1524 460 1592 flava
488 1522 651 1598 proceritas
680 1521 857 1597 Hispaniae:
888 1540 947 1581 non
977 1521 1079 1582 eodem
1109 1542 1211 1582 omnes
1305 1533 1306 1536 ’

198 1610 295 1669 colore
313 1611 479 1687 tinguntur.
517 1629 552 1669 ex
571 1611 666 1669 altera
683 1613 769 1686 parte
786 1629 845 1685 qua
863 1628 1006 1671 amoenas
1024 1615 1054 1670 et
1072 1611 1211 1672 definiens

197 1698 324 1756 mundus
338 1700 469 1757 vioinum
482 1701 578 1757 mittit
596 1701 748 1773 orientem,
766 1700 829 1758 illie
844 1699 981 1758 effirsiora
995 1719 1127 1776 corpora,
1146 1701 1210 1760 illie

158 1806 183 1846 15
199 1788 369 1846 collectiora
382 1790 552 1846 naseuntur.
589 1786 706 1847 diversa
720 1791 790 1846 sunt
804 1789 978 1847 mortalium
991 1809 1107 1866 genera,
1121 1810 1209 1849 nemo

197 1878 297 1934 tamen
317 1878 361 1934 θεὴ
379 1894 432 1935 suo
454 1878 555 1953 generi
571 1875 731 1936 dissimilis.
769 1877 841 1954 quid
860 1876 950 1955 ergo?
968 1880 1076 1953 inquit,
1095 1881 1212 1938 amavit

196 1963 395 2039 Aethiopem?
432 1967 476 2024 θεὴ
489 1966 647 2041 interdum,
665 1965 786 2041 indices,
805 1966 952 2024 malarum
976 1965 1092 2044 quoque
1110 1987 1211 2028 rernm

197 2071 251 2114 sna
276 2055 387 2131 gratia
411 2056 456 2112 est
483 2054 628 2130 quaedam
655 2049 851 2132 (foedarum)
872 2055 1036 2114 formarum
1060 2058 1209 2132 voluptas.

196 2143 325 2216 miraris,
349 2143 375 2201 si
394 2143 502 2218 uliquis
520 2163 580 2202 non
594 2144 743 2218 sapienter
762 2145 852 2218 amat,
871 2162 938 2204 oum
956 2146 1085 2220 incipere
1109 2164 1210 2204 amare

157 2251 183 2290 so
197 2249 258 2288 non
286 2233 327 2291 sit
354 2229 519 2307 sapientis?
545 2232 584 2290 da
607 2233 681 2291 mihi
709 2251 795 2292 sanos
822 2233 955 2292 mulieris
981 2234 1094 2293 oeulos:
1121 2253 1209 2294 nemo

198 2320 315 2379 adulter
337 2320 483 2379 formosus
511 2323 564 2380 θεὴ.
608 2323 758 2396 periturae
785 2321 948 2396 pudicitiae
971 2325 1095 2382 minima
1116 2323 1148 2380 in
1171 2341 1207 2381 eo

198 2411 243 2468 est
270 2408 439 2468 sollicitudo
464 2409 711 2484 quemadmodum
736 2414 847 2486 pereat.
892 2414 1046 2488 proprium
1068 2413 1113 2471 θεὴ
1138 2431 1209 2487 pro-

267 2691 281 2738 2
301 2685 439 2754 Ethiopus
458 2695 522 2751 Βος
545 2685 681 2754 Aethiops
701 2697 717 2738 s
810 2685 931 2740 thabet
954 2704 1005 2742 om.
1024 2696 1079 2740 Ba
1166 2689 1209 2740 et-

194 2772 296 2826 nopem
314 2766 342 2809 B
412 2755 534 2810 4iudici
553 2768 576 2808 Δ
639 2757 846 2811 narrationem
864 2767 887 2811 Α
951 2759 1049 2812 binde
1067 2775 1151 2826 usqae
1169 2761 1208 2813 ad

190 2846 256 2899 pap.
273 2833 299 2896 6,
316 2831 354 2882 23
373 2829 470 2882 titteris
487 2829 629 2884 inclinatis
647 2830 803 2899 stpaifioata
820 2835 886 2884 siant
903 2846 972 2898 qaae
990 2830 1021 2883 ia
1039 2838 1062 2880 A
1081 2830 1133 2900 lapi
1150 2846 1209 2884 aaa

190 2941 314 3004 possam.
380 2933 468 2989 idem:
483 2933 634 3004 quidemn
691 2940 977 3002 8seourus0‚corr.o
1042 2917 1208 3008 asdigolem

193 3049 216 3094 a
279 3023 433 3095 nauseis
502 3045 535 3094 10
554 3041 688 3111 descripti
706 3041 736 3095 n
755 3041 862 3111 species
882 3041 931 3097 ar.
1001 3047 1032 3095 11
1052 3041 1139 3096 man
1157 3051 1211 3096 aa
1305 3057 1306 3060 θ

196 3118 227 3167 12
242 3111 387 3182 hesperiae
401 3121 458 3166 Bo
519 3109 617 3166 'orfisA
684 3118 717 3166 13
732 3128 817 3182 quam
830 3122 884 3166 Ba
950 3117 983 3166 14
996 3113 1097 3168 mittit:
1116 3113 1208 3168 inficit

194 3184 348 3255 Scholta'a93
371 3183 473 3237 metuit
496 3185 598 3253 Barth3
623 3183 714 3239 nutrit
736 3186 884 3240 Burmann
999 3183 1148 3238 offusoiora
1167 3195 1207 3238 ει

195 3296 228 3344 16
248 3270 435 3344 θοΙοὴᾶἓὴὶοτθ
451 3300 485 3357 Β,
504 3307 571 3346 coar.
587 3301 616 3359 ⁶3
637 3290 833 3344 coloratiores
905 3295 938 3343 16
957 3291 1053 3360 generi
1071 3308 1104 3345 ea
1122 3306 1164 3344 -re
1183 3301 1206 3344 Δ

195 3367 227 3415 11
246 3361 346 3431 inquid
363 3379 438 3430 supr.
458 3372 481 3414 A
594 3363 685 3416 amavi
704 3362 854 3431 ethnopem
871 3371 900 3414 B
1014 3362 1136 3416 iudicem
1154 3371 1212 3416 Bo
1305 3363 1306 3368 ’

195 3438 227 3487 18
245 3449 338 3488 rorum
356 3434 406 3489 del.
429 3434 539 3489 Obrecht
623 3432 769 3488 foedarum
787 3433 851 3488 add.
868 3434 953 3488 Klotz
1039 3432 1205 3488 formarum:

192 3503 326 3558 infamiae
345 3506 386 3560 ael
404 3503 571 3559 deformium
587 3505 635 3560 Gr.
705 3509 737 3558 19
752 3504 824 3558 mira
842 3521 886 3559 res
900 3515 954 3560 Be
1019 3509 1051 3558 21
1071 3507 1114 3559 est
1127 3504 1158 3558 in
1172 3521 1207 3559 eo
1305 3489 1306 3570 i

192 3585 246 3630 Bc
276 3583 278 3588 ’
311 3581 344 3630 22
362 3576 525 3647 prophanae
541 3586 581 3630 ce
1305 3575 1306 3590 ¹
