2640 3918
407 208 713 264 DEOLAMATIONES
732 207 852 263 V-VH.
1116 209 1134 273 7

124 380 192 454 tias,
215 379 266 438 sed
288 378 357 436 inde
380 380 501 437 venisti:
524 381 669 438 venerunt
690 379 835 454 epistulae
858 381 1040 438 consecutae.
1086 379 1137 438 sed

126 488 177 528 eur
195 468 230 527 de
248 467 367 543 publico
386 469 468 527 statu
485 467 626 527 mandare
644 469 758 542 hospiti
777 465 895 527 noluit?
917 469 1032 543 putatis
1050 467 1137 526 illum

124 554 360 617 contradixisse?
391 557 540 616 confessus
570 558 623 615 est.
669 557 819 616 sceleratis
847 559 976 634 ingeniis
1008 559 1038 614 et
1069 557 1136 632 plus

126 665 216 722 quam
246 647 347 705 civilia
376 645 563 720 cupientibus
590 664 650 704 non
682 645 831 704 dominari
859 647 955 704 instar
984 647 1136 704 servitutis

125 738 177 796 est.
223 735 400 810 iampridem
426 728 484 812 [te]
508 736 571 793 arci
595 736 714 794 nostrae
742 736 795 793 tua
818 735 940 793 fortuna
965 736 1164 794 minitaturzs

125 843 214 901 supra
233 825 352 884 civilem
370 824 446 882 hanc
464 825 726 900 peraequationem
745 823 868 882 divitiae
886 825 917 882 te
936 824 1135 883 elevaverunt.

124 933 185 972 non
208 915 270 973 sine
293 913 426 988 exemplo
450 911 598 972 timemus.
643 914 676 970 in
694 912 806 970 Manlio
832 913 982 988 quondam
1004 914 1137 989 potuisse

125 1003 299 1061 damnatum
322 1004 373 1061 est.

379 1190 381 1194 ,
482 1124 584 1183 PARS
608 1125 777 1184 ALTERA.

186 1251 255 1310 Non
268 1251 409 1329 intellego
425 1245 673 1326 quemadmodum
683 1245 872 1328 infame<n>t
885 1251 944 1309 ista
958 1253 1138 1310 sententiam
1152 1271 1177 1311 ro

125 1358 229 1399 meam.
271 1359 325 1417 ego
349 1342 375 1400 si
398 1340 517 1400 auditus
541 1359 646 1414 essem,
669 1340 721 1398 ille
744 1359 804 1399 non
827 1342 903 1399 esset
926 1341 1046 1400 occisus.
1092 1342 1137 1398 in-

126 1431 227 1505 quieta
256 1448 302 1489 res
326 1429 480 1488 esthemo
504 1431 552 1488 oni
580 1431 642 1487 iam
669 1431 702 1487 in
729 1428 858 1488 deterius
889 1429 966 1487 nihil
996 1432 1136 1505 superest.

125 1519 227 1596 egerat
248 1537 363 1577 mecum
386 1519 449 1576 illic
473 1519 569 1576 multa
592 1518 627 1576 de
650 1517 806 1591 iudicibus,
829 1518 864 1576 de
887 1519 1052 1596 ignominia
1075 1537 1136 1578 sua.

124 1608 248 1683 prodam
281 1625 398 1667 necesse
432 1610 478 1667 est
507 1607 628 1666 affectus
663 1607 790 1682 hospitis
824 1609 896 1665 mei:
930 1609 986 1666 hoc
1015 1609 1138 1684 tyranni

124 1696 288 1756 videbatur
1152 1717 1177 1756 1⁵

590 1848 672 1917 vn.

460 1972 568 2040 Dives
591 1973 800 2056 imperator.

125 2105 243 2181 Pauper
266 2107 297 2163 et
319 2096 400 2163 dives
428 2105 550 2164 inimici.
597 2107 723 2180 pauperi
749 2105 807 2163 <luo
831 2104 894 2162 filii.
941 2105 1022 2164 dives
1044 2107 1137 2180 impe-

168 2196 252 2252 rator
274 2195 397 2253 creatus.
443 2211 545 2252 rumor
568 2196 650 2253 ortus
674 2197 719 2254 est
745 2193 832 2269 prodi
858 2213 921 2252 rem
946 2194 1096 2268 publicam
1120 2214 1138 2252 a

170 2285 311 2358 pauperis
328 2281 406 2342 filiis.
443 2285 602 2358 utrumque
620 2285 762 2358 torquens
780 2285 992 2360 pernegantem
1010 2285 1135 2342 necavit.
1151 2304 1177 2342 eo

170 2390 293 2446 corpora
316 2390 417 2429 eorum
440 2373 523 2429 extra
546 2373 659 2429 vallum
681 2373 777 2447 proici
798 2373 895 2431 iussit.
940 2390 1015 2446 quae
1038 2372 1137 2432 hostes

170 2461 349 2536 sepelierunt
363 2463 393 2518 et
406 2463 595 2520 recesserunt.
632 2480 746 2536 pauper
761 2463 880 2520 accusat
893 2461 1018 2520 divitem
1031 2461 1137 2520 caedis.

191 2621 361 2695 Nunquam,
383 2619 504 2694 iudices,
527 2622 631 2679 contra
648 2622 741 2679 istum
758 2622 854 2679 tutior
872 2622 949 2679 veni.
997 2621 1138 2696 quicquid

126 2709 239 2769 auferri
256 2711 364 2785 potuit,
383 2711 477 2768 amisi.
515 2710 572 2767 soli
586 2712 718 2768 omnium
735 2712 810 2769 torti
824 2711 901 2784 sunt,
921 2709 1012 2770 donec
1031 2711 1137 2768 menti·

123 2800 235 2858 rentur.
285 2799 330 2856 ita
365 2798 494 2857 laniatos
530 2800 665 2873 miseros,
701 2801 746 2857 ita
783 2799 911 2857 confusis
948 2799 1136 2858 lineamentis
1151 2819 1176 2858 se

125 2888 222 2964 proici
244 2889 344 2958 iussit,
371 2889 406 2944 ut
431 2889 493 2945 iam
520 2906 573 2946 nec
598 2890 685 2962 pater
707 2892 807 2962 posset
835 2906 1001 2966 agnoscere.
1047 2890 1137 2946 mira·

124 2978 209 3049 mini,
233 2977 259 3035 si
281 2975 318 3033 ab
341 2975 474 3035 hostibus
498 2977 608 3050 sepulti
631 2974 721 3036 sunt?
745 2978 843 3035 nullos
866 2979 908 3036 sic
931 2977 969 3035 ab
992 2977 1051 3036 isto
1075 2995 1137 3036 esse

123 3067 221 3126 tortos
246 3066 305 3123 nisi
328 3067 461 3140 captivos
483 3067 632 3140 putarent.
678 3065 843 3141 proditores
864 3068 953 3140 putas
977 3083 1050 3140 qnos
1073 3067 1137 3124 tem

217 3233 324 3287 lunde
341 3233 388 3288 Gr.
462 3240 525 3288 cate
544 3235 709 3288 consecutae
727 3235 790 3288 cdd.
810 3236 839 3287 te
860 3233 907 3288 Gr.
970 3236 1034 3288 ote
1053 3235 1138 3289 delent

124 3306 184 3361 arci
210 3306 335 3359 nostrae:
362 3305 496 3359 archonte
521 3314 544 3357 Δ
571 3312 683 3360 testante
708 3306 821 3360 Pithoeo
962 3305 1087 3358 minatur
1111 3314 1139 3358 Β

125 3377 307 3432 tolerarunt
323 3384 352 3428 B
431 3381 464 3429 10
483 3376 620 3430 infament
639 3388 666 3431 s:
686 3376 805 3430 infamet
821 3384 876 3430 Bo
957 3377 1014 3429 ista
1032 3393 1082 3431 cm.
1097 3385 1136 3444 33

124 3465 200 3503 mors
218 3449 349 3502 Pithoeus
408 3453 453 3501 -13
472 3447 545 3502 illic:
565 3448 613 3502 ille
634 3449 681 3502 Gr.
756 3453 789 3500 14
807 3446 934 3515 tyrannis
953 3456 1007 3501 130

215 3524 249 3572 20
267 3517 382 3586 negavit
401 3528 427 3586 o,
446 3535 513 3574 corr.
528 3541 544 3572 o
640 3525 674 3572 25
693 3517 883 3572 limamentis?
903 3528 924 3572 c
1016 3524 1049 3572 27
1069 3518 1093 3572 si
1111 3528 1139 3572 Β

124 3595 160 3644 28
179 3591 316 3660 putarunt
335 3588 384 3646 Gr.
