2640 3918
377 207 681 263 DECLAMATIONES
699 207 933 262 ΧΧΙΧ-ΧΧΧΠ.
1112 207 1154 272 27

143 377 282 438 moribus.
328 376 497 438 Miseranda
514 380 614 453 potius
636 379 668 436 in
691 396 756 436 meo
774 380 860 453 patre
882 397 972 452 quam
991 378 1155 436 aoousanda

144 467 294 526 dementia
313 469 365 526 est.
407 467 537 526 multum
554 469 654 542 potest
673 466 829 541 abdicatio,
853 486 920 526 oum
937 467 1068 542 timetur,
1088 468 1156 542 post

144 576 178 615 ex
208 557 319 631 pudore
349 555 410 614 iam
438 555 559 616 liberius
589 558 713 614 erratur.
760 575 812 615 vos
841 557 1006 634 interrogo,
1036 555 1156 630 iudices,

143 647 245 703 utrum
272 646 312 704 sit
339 663 428 704 sanus
457 645 508 719 qui
535 647 565 703 et
592 663 659 704 suos
688 643 806 703 abdicat
834 647 864 703 et
886 645 1012 719 adoptat
1036 644 1154 704 alienos.

145 734 266 809 adoptio
290 737 394 793 sanata
419 751 466 792 res
496 733 683 809 estquidam
712 753 787 809 quae
813 733 955 793 beneficia
978 735 1102 792 naturae
1127 735 1182 796 ets

142 823 215 882 iuris
244 823 389 882 imitatur.
434 824 467 881 in
497 841 555 898 quo
580 842 671 898 puero
701 824 800 881 nesoio
828 822 899 898 quid
930 825 969 882 sit
995 821 1156 900 indignius,

142 913 244 970 utrum
261 912 356 988 patris
375 913 468 990 origo,
491 912 571 988 quod
589 914 634 972 est
656 911 755 987 dubia,
779 931 817 970 an
836 913 940 971 matr-is
962 911 1054 989 origo,
1077 911 1158 988 quod

143 1002 225 1060 certa
246 1003 298 1060 est.
345 1001 420 1060 dixit
442 1000 493 1059 ille
522 1019 607 1058 suum
632 1001 742 1075 filium,
770 1001 846 1059 dixit
867 1003 902 1059 ut
926 1003 1054 1076 amator,
1082 1000 1158 1060 dixit

142 1089 234 1148 immo
256 1091 319 1166 ipse
342 1091 403 1148 iam
425 1109 532 1165 pamm
555 1109 652 1150 sanus.

577 1296 715 1364 XXXI.
1171 1327 1196 1365 ro

381 1420 575 1488 Adulterae
598 1437 703 1488 soror
726 1420 763 1486 et
787 1421 913 1488 mater.

140 1552 187 1610 Er
206 1569 326 1610 narnus
346 1571 384 1611 nr
405 1569 539 1611 sonorus
558 1570 590 1610 ns
612 1569 788 1610 novnruaro
808 1568 1027 1610 naraaaausas
1045 1570 1154 1611 nronnr

186 1657 348 1699 ooomsau.
386 1641 508 1716 quidam
527 1661 594 1700 oum
617 1660 747 1700 sororem
768 1641 1015 1716 deprehendisset,
1038 1642 1155 1700 oooidit.

185 1731 315 1789 furorem
332 1749 436 1805 passus
455 1732 579 1806 resipiit.
620 1731 737 1788 invenit
755 1733 785 1788 et
802 1733 941 1789 matrem:
960 1749 1020 1789 non
1038 1731 1155 1789 oooidit.

186 1818 341 1878 abdicatur
363 1839 381 1878 a
403 1823 497 1894 patre.
1169 1842 1195 1882 ιε

208 1961 297 2021 Soror
311 1963 434 2020 erravit:
453 1962 661 2021 insaniendum
675 1964 731 2036 est,
746 1963 842 2020 mater
857 1961 1051 2021 adulteravit:
1067 1962 1153 2021 domo

139 2052 241 2124 patria
264 2050 422 2109 carendum
445 2053 497 2110 est.
543 2051 591 2110 hio
614 2053 709 2109 exitus
733 2052 828 2125 venit,
857 2053 901 2124 ut,
924 2069 959 2108 ex
987 2071 1046 2126 quo
1073 2051 1153 2109 meio

139 2137 223 2198 furor
246 2143 395 2214 coeperat,
426 2159 460 2198 ex
484 2159 517 2198 eo
545 2141 658 2200 sanitas
688 2142 866 2198 nasceretur.
912 2141 1009 2199 voluit
1036 2159 1083 2198 me
1107 2159 1154 2199 ex·

138 2229 257 2303 plorare
295 2229 416 2287 fortuna
450 2247 489 2286 an
524 2248 712 2306 agnoscerem
751 2247 838 2289 meos
892 2231 918 2288 si
951 2229 1024 2288 haeo
1058 2247 1155 2304 poena

139 2317 301 2386 adulterae,
325 2317 397 2393 quid
415 2318 523 2392 pudori
540 2316 649 2393 super?
672 2337 689 2376 o
712 2319 883 2392 importuna
905 2317 1026 2393 sanitas,
1050 2318 1154 2376 ideone
1169 2341 1195 2379 so
1250 2337 1254 2344 ·

138 2406 256 2484 redisti,
285 2409 320 2465 ut
341 2406 415 2465 mihi
439 2406 618 2466 adulterium
641 2406 745 2466 matris
769 2404 953 2466 ostenderis?
999 2406 1153 2466 abdicatus

138 2496 188 2553 hio
216 2497 325 2554 iterum
355 2497 441 2571 quasi
468 2495 596 2556 furiosus
626 2495 742 2570 errabo,
773 2495 825 2555 sed
854 2499 932 2554 certe
962 2497 1024 2555 sine
1054 2498 1153 2555 mente

139 2603 251 2642 secura.

564 2701 723 2769 XXXII.

289 2825 461 2894 Besertor
483 2826 587 2909 pater
609 2826 765 2893 oratoris
789 2826 826 2892 et
850 2826 993 2894 militis.
1167 2854 1193 2894 a

136 2956 196 3026 Qui
218 2957 294 3017 filios
317 2957 445 3016 habebat
473 2979 564 3017 unum
588 2961 748 3032 oratorem,
777 2959 904 3017 alterum
927 2959 1063 3032 militem,
1086 2977 1162 3018 reus·

181 3046 359 3122 proditionis
387 3047 483 3106 faetus
511 3051 563 3106 est.
609 3047 755 3121 pendente
784 3047 894 3106 iudioio
922 3048 1007 3106 miles
1035 3048 1154 3106 fortiter

227 3216 373 3288 lmoibus
392 3243 419 3286 Β
539 3234 688 3303 5quidem
707 3246 734 3288 e:
759 3234 828 3303 quid
847 3234 877 3288 iu
898 3244 928 3301 v,
953 3234 1023 3302 quid
1041 3236 1058 3300 θ
1077 3233 1108 3286 in
1128 3243 1156 3287 Β

133 3306 238 3358 natura
258 3315 279 3358 d
349 3311 364 3359 6
383 3305 526 3376 indignius
546 3317 574 3359 a:
594 3306 727 3374 indignus
746 3314 801 3359 Βο
873 3312 887 3358 7
908 3305 1049 3374 quoditie
1069 3308 1112 3359 est
1135 3316 1156 3359 ι’

226 3381 259 3428 14
278 3375 400 3430 furorem
414 3409 449 3417 -
463 3377 567 3432 oooidit
585 3395 634 3433 om.
650 3385 678 3428 Β
762 3382 795 3430 16
815 3376 917 3431 erravit
936 3393 986 3432 om.
1006 3385 1034 3428 Β
1123 3378 1152 3430 et

133 3447 226 3500 mater
239 3455 267 3499 Β
319 3453 353 3500 19
367 3447 509 3502 fortunam
522 3458 580 3514 Βο,
597 3465 633 3502 au
642 3479 675 3487 -
685 3447 833 3502 infamiam
841 3453 924 3518 ΜΘ,
934 3449 951 3501 l.
963 3451 981 3501 5
995 3465 1044 3502 om.
1057 3457 1096 3514 B;
1116 3448 1152 3514 cf.

133 3517 248 3574 Schwab
262 3518 398 3644 Adihivf'
415 3522 460 3574 lat.
477 3520 692 3630 {eniooyraptie
710 3519 760 3572 IX
773 3521 874 3588 (1898)
885 3537 914 3589 p.
931 3523 985 3574 547
1059 3525 1093 3573 20
1115 3517 1157 3588 qd

138 3599 160 3642 c
232 3595 265 3642 22
324 3591 486 3646 aonsine.
515 3603 536 3645 ι’
