2640 3918
438 208 742 265 DEGLAMATIONES
760 209 891 264 VII-IX.

626 371 695 439 IX.

485 495 595 563 Pater
618 497 838 564 excaecatae.

161 625 236 685 Cum
244 628 394 702 luxurioso
403 626 467 686 filio
476 631 562 703 pater
569 628 672 687 abdita
680 629 776 686 matre
783 629 944 688 secessitin
953 629 1105 688 secretum.
1121 647 1169 686 ex-

205 716 447 775 caecaturrcdiit.
470 716 647 792 petitafilic
656 718 807 776 talionem.
829 720 926 776 mater
934 735 965 776 se
974 718 1077 777 fecisse
1087 718 1167 775 dicit.

175 867 177 872 ¹
226 875 353 950 Invenit,
366 875 487 951 iudices,
501 879 647 952 pessimus
656 877 835 951 adulescens,
849 877 996 952 quomodo
1009 878 1169 952 utramque
1183 901 1197 940 e

160 967 328 1026 excaecaret
354 967 516 1040 parantem.
562 965 635 1042 quid
663 969 694 1025 te
723 968 835 1025 sacrato
864 966 969 1024 fecisse
996 963 1169 1024 credamus?

161 1056 287 1112 matrem
304 1055 336 1112 in
354 1054 419 1113 fero
438 1072 583 1114 excaecas.
619 1073 680 1113 non
697 1057 743 1114 vis
761 1073 815 1131 pro
829 1057 926 1113 matre
943 1073 1045 1114 verum
1064 1055 1168 1130 dicere,

160 1161 227 1201 cum
248 1143 302 1201 illa
324 1162 378 1218 pro
403 1145 433 1201 te
459 1141 641 1202 mentiatur?
685 1146 718 1202 in
744 1146 862 1203 tantam
888 1145 1002 1202 iuvenis
1025 1145 1170 1219 processit

159 1233 330 1306 amentiam,
348 1232 382 1290 uc
395 1233 518 1308 propter
535 1233 622 1291 illum
634 1233 729 1308 pater,
747 1234 781 1290 ut
795 1232 930 1308 perderet
947 1232 1055 1306 oculos,
1073 1235 1170 1291 mater

159 1320 277 1379 edisset.
318 1323 353 1378 tu
375 1339 432 1396 me,
454 1323 569 1396 mulier,
592 1321 747 1380 excaecare
764 1322 894 1397 potuisti
910 1340 985 1396 quac
1003 1323 1211 1397 nccparri-10

159 1410 256 1468 eidam
285 1407 391 1484 petes?
424 1412 459 1468 ut
487 1412 627 1470 innocens
658 1412 711 1485 sis,
741 1411 811 1468 dum
841 1412 1046 1469 excaecaretur
1074 1412 1169 1485 pater,

159 1500 343 1574 exspectasti.
384 1517 445 1557 ncn
462 1499 529 1574 feei,
546 1500 658 1574 inquit:
681 1518 741 1558 non
762 1499 917 1572 crederem,
936 1501 962 1558 si
980 1498 1167 1558 confitereris.

157 1588 229 1647 talis
252 1606 296 1661 es,
319 1588 501 1661 adolescens,
523 1591 559 1646 ut
581 1605 736 1646 excaecare
757 1587 888 1646 volueris
909 1593 1040 1663 patrem,
1063 1591 1116 1647 aut
1138 1592 1168 1648 te

158 1695 314 1735 excaecare
338 1677 413 1735 velit
434 1678 528 1753 pater.
570 1695 660 1752 quam
687 1678 846 1736 sceleratus
870 1677 913 1735 es!
940 1678 1008 1753 plue
1030 1679 1060 1736 te
1083 1680 1170 1754 pater

159 1765 222 1824 odit
245 1783 335 1840 quam
359 1783 432 1841 eam,
458 1783 476 1824 a
499 1785 559 1842 qua
581 1768 752 1825 excaecatus
773 1767 825 1825 eet.
871 1767 990 1824 tantum
1013 1785 1101 1826 ausus
1124 1769 1210 1829 est1e

158 1856 275 1934 integre
292 1855 386 1930 patre.
424 1854 495 1929 quid
512 1855 646 1914 facturus
666 1856 710 1914 est
727 1856 806 1913 inter
825 1854 897 1914 duos
917 1852 1039 1914 caecos?
1079 1873 1169 1931 quam

159 1945 249 2002 miecr
278 1944 323 2002 est
351 1945 437 2018 pater
465 1945 513 2002 cui
542 1963 645 2002 venam
672 1944 829 2003 dicendum
858 1945 916 2018 est,
946 1962 1036 2018 quam
1061 1946 1173 2002 misera

158 2034 255 2090 mater
277 2034 326 2092 cui
347 2033 561 2091 mentiendum!
584 2051 644 2092 non
667 2034 745 2092 emit
767 2033 868 2091 oculos
891 2034 1025 2108 quisquis
1043 2032 1170 2107 laborat,

158 2123 193 2179 at
215 2121 270 2179 hoc
297 2121 408 2180 fecerit.
455 2123 537 2180 cuiue
567 2124 677 2180 crimen
708 2124 753 2180 est
780 2120 956 2181 excaecare?
1001 2139 1169 2181 excaecasse

157 2210 286 2285 patrem!
308 2210 480 2284 patronum!
504 2227 658 2270 excaecare
681 2211 819 2268 matrem!
844 2213 897 2286 qui
918 2211 983 2269 fieri
1003 2213 1113 2286 potuit,
1135 2212 1170 2268 ut
1184 2233 1212 2272 ae

159 2299 239 2356 mala
261 2299 352 2356 fuerit
378 2318 452 2356 uxor
479 2317 554 2374 quae
576 2301 641 2358 tam
666 2298 745 2358 bona
772 2301 868 2358 mater
891 2297 956 2359 est?
1001 2294 1067 2378 ‘ego
1090 2295 1168 2359 feci’.

158 2407 219 2446 non
242 2387 367 2461 sceleris,
390 2386 440 2446 aed
463 2389 568 2446 matris
590 2390 650 2447 ista
672 2388 816 2448 confessio
839 2390 891 2446 est.

517 2581 618 2642 PARS
640 2581 809 2641 ALTERA.

227 2705 260 2765 Si
285 2708 421 2785 neganti,
448 2706 572 2785 iudices,
595 2726 654 2766 non
683 2708 784 2782 vultis,
815 2707 893 2782 quod
919 2709 1087 2782 proximum
1116 2710 1171 2784 eet,

159 2795 268 2856 credite
296 2795 457 2855 confitenti.
503 2797 554 2855 sed
583 2799 609 2855 si
636 2795 758 2856 difficile
783 2798 828 2854 est
855 2795 957 2871 fateri,
985 2797 1075 2855 ctiam
1103 2815 1170 2856 cum
1184 2818 1211 2858 ae

158 2885 263 2944 feceris
286 2885 388 2944 damni
409 2885 540 2960 paulum.

248 3017 422 3086 dqucmcdo
443 3019 585 3072 Pithoeus:
608 3017 721 3087 quando
739 3027 793 3072 130
893 3022 909 3072 8
928 3020 1038 3073 tantam
1056 3040 1084 3086 ⁰3
1107 3021 1170 3072 tan-

157 3091 219 3146 cum
232 3099 286 3144 Bc
399 3091 432 3143 ut
449 3089 590 3158 perderet:
615 3089 645 3144 vi
662 3107 689 3158 p.
710 3091 859 3144 Bccrmawe
976 3095 1009 3144 10
1026 3090 1170 3158 parricida

157 3169 218 3228 110,
236 3177 303 3216 cerr.
318 3181 335 3214 c
430 3165 462 3214 12
481 3177 537 3214 non
556 3161 606 3214 det.
624 3161 671 3215 Gr.
768 3165 800 3214 13
819 3160 978 3215 actuariae
1069 3163 1102 3215 nt
1120 3163 1170 3214 aut

158 3247 290 3288 excutere
304 3231 425 3286 volueris
441 3231 488 3286 Gr.
555 3237 589 3285 15
608 3245 670 3286 eam
686 3231 747 3286 Ga:
768 3248 831 3285 eum
844 3240 899 3286 Bc
960 3248 1018 3301 qna
1033 3231 1095 3287 Gn:
1114 3249 1173 3300 quc

67 3339 71 3348 ·
157 3311 213 3360 tc
279 3309 312 3358 19
326 3318 475 3357 excaecare
489 3320 539 3358 cm.
556 3313 578 3356 c
648 3307 682 3356 20
696 3303 885 3371 patrecinium
900 3308 1045 3358 &testacea
1058 3303 1170 3358 Schwab

159 3374 219 3430 eiua
242 3374 347 3430 crimen
370 3375 413 3427 eet
436 3389 598 3428 excaecasse
616 3375 726 3444 patrem
749 3374 828 3428 cuius
850 3377 999 3444 patronam
1022 3389 1173 3429 excaecare

157 3447 277 3502 nattam
297 3445 346 3502 Gr.
437 3450 470 3500 21
489 3445 759 3512 malancena«
851 3447 934 3499 tran
1017 3451 1051 3499 aa
1069 3447 1123 3500 iste
1143 3456 1171 3514 c,

157 3533 226 3574 cen.
241 3538 258 3570 ο
344 3521 378 3570 24
395 3518 482 3586 negat
502 3527 523 3570 e
606 3521 640 3572 25
659 3515 708 3571 sed
727 3516 764 3570 si:
783 3515 839 3571 feci
862 3517 957 3573 Weber
1045 3523 1079 3571 26
1097 3517 1171 3571 feee-

157 3587 209 3642 rie:
229 3586 339 3644 dederis
357 3587 500 3660 Schulta'ey
572 3587 679 3642 damni:
700 3587 746 3640 ·L·
767 3587 833 3641 anni
854 3598 875 3642 c
