2640 3918
189 185 241 240 XX
619 185 769 242 Praefatio.

192 373 255 412 una
278 372 346 412 cum
369 353 547 424 Quintiliani
574 353 839 414 declamationibus
866 356 1029 414 minoribus
1052 355 1208 432 Tacitique

192 443 314 521 dialogo
342 444 435 503 edidit
457 443 579 504 Parisiis
602 463 680 503 anno
706 445 792 503 1580
818 444 896 520 apud
916 444 1051 504 Mamert.
1069 444 1209 506 Patisson

196 534 271 592 satis
295 535 431 592 accurate
455 535 485 591 et
508 533 674 612 diligenter,
697 532 749 592 sed
766 532 926 592 dolendum
949 533 1091 608 estquod
1114 536 1207 611 signi·

182 620 333 692 ‚ficatione
356 623 443 680 codes
470 626 550 680 oetas
572 624 621 682 vel
647 625 728 680 oetas
753 623 898 694 exemplar
925 622 1033 682 abusus
1060 626 1112 682 est.
1153 623 1205 681 ad-

192 710 277 768 misit
300 711 378 768 enim
402 729 466 770 eam
484 713 649 786 promiscue
669 707 708 768 'ad
726 709 951 788 significandum
974 713 1003 770 et
1022 711 1151 772 codicem
1169 709 1206 772 A

190 800 223 856 et
255 799 340 857 aliud
369 799 519 875 exemplar
548 801 627 875 quod
657 801 684 858 ei
713 801 831 876 praesto
861 803 932 860 erat.
984 820 1076 858 unum
1104 804 1205 860 tamen

194 888 356 946 tenendum
379 891 424 948 est
446 889 594 948 nemiuem
621 889 680 948 nisi
698 888 859 948 Pithoeum
885 891 917 948 in
939 889 1116 948 recensendo
1140 888 1205 948 Gal-

177 978 302 1051 vpurnio
335 977 429 1036 adhuc
458 977 607 1038 codicibus
634 997 720 1038 usum
749 997 821 1037 esse.
867 979 958 1037 editio
987 979 1042 1038 illa
1067 981 1205 1055 princeps

191 1065 367 1142 saepissime
385 1067 584 1143 repetebatur,
608 1070 645 1141 et,
669 1086 735 1126 eum
753 1067 848 1146 magis
870 1069 1025 1144 magisque
1048 1067 1085 1126 ab
1109 1087 1203 1127 exem·

189 1155 270 1230 plari
288 1154 481 1230 discederent,
501 1158 535 1215 ut
553 1155 617 1214 fieri
636 1156 720 1230 solet,
742 1157 934 1232 repetitiones
955 1156 1025 1214 illae
1044 1155 1204 1216 deteriores

177 1242 302 1316 ¹fiebant
324 1262 419 1319 usque
443 1244 481 1303 ad
504 1245 665 1304 editionem
687 1265 722 1304 ex
744 1245 862 1303 officina
885 1245 1041 1304 Haekiana
1063 1245 1204 1322 Lugduni

191 1332 378 1392 Batavorum
397 1336 427 1392 et
445 1333 637 1393 Roteredami
655 1353 733 1392 anno
754 1335 837 1393 1665
858 1334 1029 1411 evulgatam
1050 1337 1098 1394 cui
1116 1333 1203 1394 Gro-

188 1423 318 1481 novius
342 1441 462 1497 operam
480 1425 652 1482 necaverat.
698 1442 775 1481 anne
796 1424 881 1482 1698
901 1425 1019 1483 secutus
1043 1426 1088 1481 est
1111 1423 1203 1482 editio

189 1509 452 1588 Argentoratensis
492 1511 611 1571 Ulrici
644 1511 831 1587 Obrechti,
869 1514 954 1571 1720
996 1511 1201 1589 Lugdunensis

191 1599 344 1676 splendide
364 1603 506 1659 onomata
523 1599 626 1658 Petri
648 1599 843 1659 Burmanni
866 1602 918 1675 qui
935 1604 971 1658 ut
988 1601 1070 1660 lacus
1088 1601 1203 1661 rivulos

190 1689 221 1746 in
246 1707 276 1747 se
299 1689 415 1763 recipit,
437 1690 481 1747 ita
505 1690 605 1748 omnia
629 1708 706 1764 quae
733 1691 845 1765 priores
874 1689 1089 1749 adnotaverant
1113 1693 1201 1765 atque

181 1769 463 1859 emendaveras),
486 1778 634 1856 congessit
654 1779 807 1852 textuique
828 1777 975 1852 adspersit
995 1779 1106 1854 etipse
1130 1797 1200 1854 quo·

188 1885 244 1941 que
268 1886 347 1926 nova
377 1866 501 1925 addidit.
547 1869 599 1943 qui
621 1867 679 1926 viri
702 1867 782 1926 docti
805 1886 919 1942 omnes,
947 1887 1015 1926 cum
1043 1869 1108 1944 alii,
1135 1870 1201 1926 tum

188 1953 356 2015 Gronovius
377 1956 482 2014 multis
505 1956 577 2014 locis
600 1955 707 2015 studiis
730 1958 790 2014 suis
815 1954 974 2032 Calpurnio
1000 1958 1097 2016 lucem
1119 1959 1201 2016 attu-

187 2044 257 2104 lisse
290 2046 381 2119 atque
413 2044 461 2102 hic
492 2045 554 2103 illic
587 2065 622 2102 ex
654 2045 822 2103 coniectura
852 2046 1011 2122 genuinam
1042 2046 1200 2105 lectionem

187 2133 353 2209 repperisse
376 2132 574 2192 confitendum
598 2136 650 2191 est.
697 2134 728 2192 in
750 2135 922 2192 universum
939 2139 1048 2209 tamen,
1066 2134 1098 2192 id
1122 2134 1199 2210 quod

186 2223 249 2279 iam
272 2240 363 2297 supra
385 2224 487 2298 tetigi,
514 2221 602 2280 nimis
626 2222 697 2281 freti
726 2241 779 2282 suo
809 2222 933 2282 arbitrio
962 2227 1050 2298 atque
1072 2225 1198 2282 ninnium

186 2309 374 2388 indulgentes
392 2310 515 2369 libidine
536 2310 700 2370 coniciendi
721 2312 863 2389 neglectis
886 2314 984 2370 textus
1007 2312 1107 2372 indole
1125 2313 1199 2390 legi·

185 2399 300 2475 busque
328 2401 470 2459 sermonis
500 2398 695 2475 Calpurniani
720 2400 811 2459 verba
837 2419 897 2459 non
923 2403 987 2459 tam
1010 2405 1200 2461 correxerunt

187 2508 276 2564 quam
307 2492 508 2564 corruperunt.
558 2493 629 2564 post
656 2489 860 2548 Burmannum
889 2488 1119 2549 declamationes
1148 2510 1198 2550 ne·

185 2578 299 2654 gleetae
322 2578 491 2652 iacuerunt,
514 2596 584 2636 nam
608 2577 751 2637 editiones
773 2578 973 2653 Bipontina
1000 2597 1077 2637 anno
1103 2581 1199 2654 1784,

183 2665 322 2726 ,Ρ1111111
358 2665 531 2725 Dussodii
568 2667 652 2724 annis
687 2667 917 2725 1821—1825
950 2668 982 2726 in
1018 2667 1198 2728 bibliotheca

186 2755 310 2814 classica
328 2755 424 2814 latina
440 2774 495 2832 per
512 2755 549 2814 N.
568 2755 602 2814 E.
621 2755 756 2814 Lemaire
774 2754 887 2830 publici
907 2757 980 2816 iuris
999 2757 1088 2832 facta,
1107 2757 1197 2816 Tau·
1311 2765 1312 2774 ’

184 2845 345 2904 rinensis
374 2845 459 2903 annis
485 2845 712 2903 1824-1826
742 2864 777 2902 ex
803 2846 884 2921 typis
912 2845 968 2904 Ios.
987 2845 1100 2905 Pomba
1122 2847 1197 2924 Bur·

182 2934 287 2992 manni
309 2933 510 2992 recensionem
534 2933 724 3008 repetierunt.
757 2934 937 2993 Dcssauer
962 2934 1088 3010 denique
1117 2955 1196 2995 anno

187 3023 272 3082 1892
298 3024 327 3081 11
351 3020 476 3081 Schwab
500 3022 595 3080 denuo
618 3022 664 3080 his
688 3023 831 3098 excerptis
855 3042 976 3100 operam
998 3023 1150 3084 dederunt.

254 3111 317 3180 Quo
341 3111 454 3170 factum
477 3115 530 3185 est,
553 3113 588 3170 ut
610 3112 699 3187 pauci
721 3113 823 3171 nostra
851 3114 948 3171 astate
974 3112 1010 3172 de
1034 3112 1196 3192 Calpurnio

185 3203 310 3278 egerunt
333 3219 406 3275 quos
429 3199 572 3258 hocloco
596 3219 767 3260 enumerare
791 3201 979 3276 supersedeo,
1007 3221 1074 3262 eum
1097 3204 1197 3261 omnia

183 3288 238 3348 illa
260 3288 360 3348 studia
382 3291 414 3348 in
438 3287 598 3365 calpurnio
625 3291 725 3365 posita
748 3291 944 3366 congesserim
971 3293 1062 3367 atque
1085 3294 1196 3350 tracta-

183 3377 278 3436 verim
300 3379 331 3435 in
354 3379 496 3438 Bursiani
520 3378 676 3437 annalibus
696 3370 931 3459 (Jahresbericht
947 3378 1021 3438 iiber
1043 3381 1195 3439 (1118111-

257 3552 282 3619 1)
300 3547 346 3603 sie
366 3550 452 3604 etiam
471 3547 641 3619 Schultingii
658 3551 748 3603 notas.
