2640 3918
365 237 670 294 DECLAMATIONES
689 239 949 294 XXXII-XXXVI.
1118 235 1160 300 29

216 409 301 468 Nihil
323 408 460 484 equidem
476 409 557 486 leges
581 409 752 468 clementius
771 409 953 485 paraverimt
972 425 1064 482 quem
1082 406 1162 482 quod

150 499 187 557 de
210 498 275 576 lege
297 499 460 574 raptarum.
505 517 565 556 non
592 499 663 556 licet
689 498 772 556 aliud
800 497 945 556 iudicare:
975 496 1089 555 medius
1114 496 1161 554 his

151 606 236 646 nemo
264 589 316 646 est.
363 606 429 646 sum
457 606 537 661 reus,
567 587 617 646 sed
640 586 743 645 exhibe
772 585 900 646 iudicem
929 604 1036 646 meum.
1082 583 1163 643 Proh

151 677 238 736 deum
262 677 352 750 atquo
374 676 528 735 hominum
549 675 649 734 fideml
673 678 705 735 in
728 695 788 752 qua
811 677 934 736 civitate
956 677 1061 750 raptor
1084 674 1162 733 solu-

150 767 199 824 tus
223 767 267 824 est
297 766 330 823 in
353 783 388 824 ea
410 768 497 840 rapta
520 766 658 823 vincitrm
1177 783 1190 822 5

583 987 730 1056 XXXV.
1178 991 1216 1048 34

336 1111 450 1178 llatcr
472 1112 509 1178 ct
531 1129 682 1178 noverca
703 1112 858 1178 invicem
881 1129 974 1178 rcac.

151 1244 320 1318 Repudiata
339 1246 384 1302 est
402 1263 420 1302 a
438 1245 545 1302 marito
566 1263 641 1318 quae
659 1243 755 1302 filium
772 1242 909 1302 habebat.
937 1245 1015 1317 petit
1038 1242 1164 1315 assidue,

197 1336 231 1391 ut
248 1333 496 1392 reconciliaretur.
538 1351 597 1390 non
615 1334 796 1408 impetravit.
838 1335 987 1409 postremo
1007 1332 1063 1389 ait:
1088 1326 1163 1388 ‘vin-

198 1421 301 1480 dicabo
319 1417 386 1480 me’.
424 1421 597 1496 superduxit
614 1421 666 1480 ille
683 1440 775 1495 puero
794 1439 959 1480 novercam.
997 1419 1073 1478 obiit
1090 1439 1164 1494 puer
1179 1439 1204 1479 ro

197 1513 289 1589 signis
317 1510 463 1588 ambiguis
493 1511 648 1570 cruditatis
677 1513 707 1568 ct
730 1511 843 1568 veneni.
889 1529 955 1568 reas
983 1529 1014 1568 se
1036 1509 1165 1567 invicem

198 1600 312 1658 faciunt
334 1600 492 1675 repudiata
514 1603 610 1657 mater
633 1603 663 1658 et
685 1618 813 1658 noverca
837 1600 1023 1674 superducta.

220 1741 329 1800 Totum
347 1759 473 1801 noverca
492 1741 640 1800 commisit
658 1760 734 1816 quae
749 1760 808 1799 uno
826 1743 960 1815 tompore
974 1743 1005 1799 et
1023 1742 1165 1798 maritum

152 1831 277 1890 miserae
294 1832 461 1906 praeripuit
479 1831 509 1888 et
526 1829 629 1888 filium.
677 1833 856 1906 comparate,
878 1830 999 1905 indicae,
1018 1848 1077 1887 non
1096 1831 1166 1888 ante

153 1909 252 1978 rerum
285 1922 460 1998 argumenta
492 1939 582 1994 quam
608 1921 737 1980 nomina.
784 1920 856 1995 quid
883 1921 975 1978 matri
998 1917 1166 1993 deliquerat
1180 1938 1206 1978 15

152 2007 254 2068 filius?
283 2028 377 2083 neque
407 2010 485 2066 enim
507 2011 616 2068 temere
646 2010 687 2067 sic
709 2008 789 2068 filius
814 2009 851 2067 dc
877 2010 939 2067 levi
966 2026 1055 2067 causa
1079 2009 1166 2083 quasi

154 2099 309 2176 privignus
340 2098 491 2157 occiditur.
534 2092 703 2173 ‘repudiata
730 2091 782 2171 es’,
809 2099 917 2173 inquit.
963 2098 1066 2155 mariti
1092 2097 1166 2156 haec

154 2187 250 2261 culpa,
273 2206 333 2245 non
354 2186 410 2244 filii
432 2189 485 2261 est,
507 2205 561 2246 nec
579 2189 684 2246 matris
707 2185 837 2246 officium
856 2187 979 2261 repudio
999 2187 1167 2261 deponitur,

154 2276 206 2336 sed
227 2277 363 2334 uxorium
385 2294 493 2334 nomen
516 2277 674 2334 amittitur.
721 2275 805 2334 dolor
823 2275 962 2335 orbitatis
986 2275 1167 2334 conscientia

154 2364 295 2425 facinoris
323 2367 461 2442 augetur,
492 2367 522 2422 et
550 2366 688 2442 sigrano
716 2367 773 2440 est,
804 2366 942 2424 amittere
964 2363 1056 2438 filios,
1079 2364 1167 2441 longe
1182 2382 1208 2422 ao

155 2455 275 2532 gravius
299 2453 437 2512 occidere.
483 2472 579 2513 nonne
602 2454 657 2512 hoc
680 2453 765 2512 dicit:
794 2447 870 2512 ‘sola
894 2453 1077 2527 dominabor,
1099 2472 1168 2512 cum

156 2546 186 2601 et
208 2543 256 2601 hic
283 2560 395 2600 veneno
425 2561 490 2601 meo
516 2544 639 2618 perierit
668 2544 698 2600 ct
724 2543 778 2600 illa
800 2537 989 2602 mendacio'?
1029 2541 1169 2600 iudicasti

155 2633 242 2707 pater
277 2633 330 2706 qui
361 2633 392 2689 et
427 2632 614 2706 repudiatam
652 2650 712 2689 non
749 2632 913 2690 accusando
947 2631 1102 2690 absolvisti
1139 2632 1170 2688 et

155 2739 277 2778 uxorem
299 2739 358 2778 non
382 2720 563 2779 defendendo
586 2719 744 2778 damnasti.

578 2943 748 3012 XXXVI.
1185 2947 1224 3002 aa

473 3066 661 3150 Speciosus
684 3069 857 3138 desertor.
1185 3093 1211 3133 rr

157 3197 326 3258 Dnsnrnor
349 3216 423 3258 uror
447 3217 584 3261 snnvrar.
626 3217 698 3258 vrao
725 3216 818 3258 roam
843 3215 1011 3258 raarmvu·
1056 3218 1171 3274 pauper

203 3292 234 3347 et
256 3289 338 3350 dives
361 3290 483 3348 inimici.
529 3289 610 3348 dives
634 3291 750 3348 creatus
773 3291 819 3348 est
840 3290 1012 3364 imperator.
1058 3306 1171 3363 pauper

250 3481 263 3529 1
285 3476 360 3545 quod
379 3491 429 3530 orn.
444 3484 472 3528 Β
542 3482 558 3528 2
577 3479 797 3546 raptorum‘flc3
817 3487 917 3532 com
991 3481 1007 3528 6
1026 3473 1056 3527 in
1074 3490 1106 3528 eo
1121 3483 1176 3528 Βο

249 3553 264 3601 8
285 3562 370 3616 quae:
389 3563 423 3600 ex
442 3561 496 3616 quo
518 3547 565 3602 Gr.
641 3553 674 3601 10
692 3563 778 3618 puero
794 3557 825 3600 c:
845 3546 903 3600 filio
922 3555 949 3599 Β
1021 3550 1055 3598 14
1072 3545 1173 3600 misere

159 3628 213 3673 Βο
292 3623 324 3672 15
343 3618 497 3687 reliquerat
510 3628 538 3672 Β
620 3624 654 3673 20
672 3620 806 3687 arguetur
819 3627 847 3670 Β
926 3616 1019 3686 meir
1034 3623 1062 3670 Β
