2640 3918
413 222 718 279 DECLAMATIONES
737 223 908 278 XIV—XVI.
1124 225 1166 289 15

620 474 697 542 XV.

460 617 531 684 'l'er
554 615 663 684 fortis
686 615 860 686 desertor.

156 768 321 826 Dasnnnca
337 783 447 825 carina
460 783 621 826 rvumrvn.
659 783 720 824 nnn
732 783 784 825 vm
798 781 907 825 roario
921 783 1040 825 nmium
1057 784 1166 826 vaona.

201 874 360 916 rnanuivm
372 872 488 916 vroron
505 873 684 914 mannasca
696 872 848 913 Aocmmr.
890 858 937 915 ter
949 857 1048 914 virum
1060 855 1168 915 fortem

201 947 364 1020 imperator
391 946 489 1023 coegit
517 945 554 1004 ad
581 944 700 1004 bellum.
746 945 865 1004 coactus
892 944 1029 1005 deseruit.
1075 946 1196 1020 impe-e

200 1037 283 1093 rator
311 1036 443 1109 praemio
474 1035 685 1109 impunitatem
715 1033 871 1093 desertoris
901 1035 986 1109 petit.
1037 1033 1168 1094 desertor

202 1123 385 1182 contradicit.

223 1299 326 1376 Aequo
351 1302 450 1360 animo
473 1302 636 1375 imperator
658 1300 749 1373 ferat,
777 1301 803 1359 si
829 1318 916 1374 quern
939 1301 1037 1358 virum
1059 1300 1167 1359 fortem

156 1392 288 1450 senserat
306 1389 525 1465 obsequentem,
548 1390 727 1449 desertorem
744 1389 846 1448 videat
868 1387 1092 1448 contumacem?
1113 1407 1168 1448 neo

155 1497 283 1554 poenam
300 1497 421 1553 possum
434 1497 569 1538 recusare
587 1480 655 1553 post
669 1479 796 1553 culpam,
815 1495 868 1536 nec
886 1477 1004 1537 veniam
1023 1479 1209 1538 sustinerem

155 1569 224 1644 post
242 1568 376 1645 gloriam.
413 1567 554 1626 Miserum
568 1585 623 1640 me,
642 1568 725 1626 cuius
744 1585 797 1626 neo
814 1567 941 1625 infamia
957 1568 1057 1643 potest
1074 1567 1167 1627 latere

155 1675 209 1715 neo
228 1656 331 1734 gloria.
373 1675 432 1715 non
451 1658 520 1714 ante
538 1675 601 1714 rem
619 1655 769 1730 publicam
789 1675 878 1731 quam
896 1658 1025 1731 meipso
1044 1657 1167 1716 deserui.

156 1748 186 1804 et
209 1747 299 1804 armis
323 1748 353 1803 et
379 1745 447 1804 telis
475 1745 715 1804 honestissimum
740 1764 845 1820 corpus
873 1747 995 1804 oneravi
1022 1747 1065 1819 et,
1089 1743 1168 1820 quod

157 1853 216 1893 non
239 1836 302 1894 sine
324 1834 443 1909 piaculo
470 1834 664 1907 factumest,
691 1836 862 1892 consecrata
888 1834 1061 1892 iamdudum
1085 1853 1167 1892 arma

156 1924 286 2000 deposui.
332 1925 377 1983 sto
406 1925 436 1981 et
457 1941 557 2001 pugno
584 1941 638 1997 pro
661 1922 784 2000 legibus.
831 1924 918 1981 aliter
947 1924 1027 1982 enim
1049 1924 1168 1982 fortiter
1182 1941 1208 1982 rs

156 2013 253 2072 facere
282 2014 344 2071 iam
372 2013 404 2070 in
433 2012 489 2070 hac
524 2014 622 2072 aetate
653 2030 712 2070 non
740 2031 869 2088 possum.
922 2014 1009 2092 grata
1039 2014 1108 2072 sunt
1137 2015 1168 2070 et

157 2103 282 2161 crimina
305 2102 476 2174 desertoris,
504 2101 583 2176 apud
606 2120 694 2176 quem
721 2101 796 2158 nihil
824 2101 983 2160 valuerunt
1008 2100 1167 2179 privilegia

156 2192 215 2250 vini
233 2191 328 2250 fortis.
364 2209 475 2249 novum
494 2207 585 2268 genus
601 2190 809 2249 damnationis.
846 2191 998 2268 ignoscere
1016 2191 1097 2248 volo:
1115 2209 1168 2248 cur

157 2281 236 2338 enim
255 2279 385 2338 dubitem
404 2298 459 2354 per
478 2278 633 2337 infamiam
652 2298 739 2338 senex
759 2280 851 2337 emori
872 2280 924 2353 qui
942 2280 1034 2337 etiam
1051 2280 1167 2338 iuvenis

156 2370 260 2445 optavi
282 2387 369 2444 saepe
393 2363 488 2445 (per)
512 2369 645 2446 gloriam.
1180 2387 1209 2428 ao

438 2703 439 2708 η
611 2625 709 2694 XVI.

525 2767 641 2851 Rapta
662 2768 794 2837 accus.

154 2916 220 2976 Lnx
243 2935 417 2978 narnensis.
457 2919 545 2993 rapta
567 2918 712 2993 producta
736 2919 774 2977 ad
800 2919 993 2996 magistratus
1018 2920 1114 2978 tacuit
1136 2920 1167 2975 et

199 3006 290 3066 flevit.
319 3009 513 3085 magistratus
527 3007 563 3066 de
576 3009 697 3082 raptore
711 3008 890 3082 supplicium
904 3009 1038 3082 sumpsit.
1065 3007 1167 3083 puella

198 3115 229 3156 se
251 3097 410 3155 interemit.
451 3115 518 3156 reus
542 3098 587 3155 est
609 3098 816 3174 magistratus,
847 3096 925 3172 quod
948 3115 1036 3156 eausa
1059 3097 1206 3155 mortiers

197 3185 295 3244 fuerit.

242 3378 258 3425 3
278 3371 357 3425 milia
375 3381 403 3426 B
507 3377 523 3425 ὁ
542 3333 741 3441 impunitatem
766 3371 891 3426 desertor
918 3378 981 3426 aute
1004 3371 1097 3441 coegit
1115 3379 1168 3425 Bc

154 3466 292 3530 Squeo
362 3467 394 3516 10
412 3464 571 3531 possuntt·
630 3467 663 3515 12
682 3449 970 3515 anteffadtcflo
1032 3459 1166 3513 loannis

154 3543 176 3586 ι’
247 3538 279 3586 17
299 3531 410 3587 valuere
428 3542 457 3586 B
527 3538 560 3586 20
579 3548 630 3602 per
647 3533 710 3587 add.
729 3533 861 3588 Pithoeus
932 3530 1022 3602 gloria
1041 3542 1063 3586 ο

243 3609 276 3658 22
295 3605 441 3674 raptarum
459 3613 522 3674 1103
541 3606 624 3675 rapta
641 3606 737 3659 tacens
757 3616 773 3657 s
