2640 3918
178 218 217 272 Vl
604 217 752 272 Praefatio.

179 385 355 454 6111116611
379 387 567 460 aaa-aea,
594 359 646 445 foi
666 387 818 445 esa-115
848 389 985 462 excerpta
1016 384 1184 445 11611111

177 475 294 534 rhetore
317 475 410 548 facta,
437 474 487 533 161,
509 476 571 533 116
594 476 741 550 incipiunt
765 491 798 534 66
823 474 984 548 Calpurnia
1006 475 1116 534 Flacco
1139 493 1184 534 ea-

177 567 289 636 eerptae
313 555 365 644 (sc.
390 555 671 645 declamationes).)
717 565 777 621 iam
804 563 871 620 inde
903 567 1027 640 apparet
1055 563 1183 623 codicem

178 671 240 711 esse
270 653 456 726 mutilatum,
487 652 577 711 immo
600 673 637 711 ne
660 653 763 710 folium
796 653 858 710 116
890 653 1008 728 quidem
1036 652 1185 730 integrum

177 743 327 800 serratum
350 743 407 815 est3
434 740 516 799 deest
539 741 617 799 enim
640 741 760 799 dextera
789 759 858 816 pars
881 743 1016 815 inferior,
1044 741 1114 817 quia
1137 759 1184 800 ca·

176 830 261 888 rebat
283 830 422 889 volumen
444 832 623 907 tegumento.
669 829 748 888 unde
771 831 883 889 factum
906 833 964 905 est,
986 834 1021 890 61
1044 833 1074 888 61
1095 830 1184 906 primi

178 922 207 977 et
229 918 328 976 ultimi
351 918 416 977 folii
440 920 586 993 scriptura
611 919 783 994 plerumque
812 919 926 992 detrita
945 919 991 978 sit.
1038 939 1128 995 quam
1149 921 1184 976 ut

176 1010 396 1085 recuperarent,
433 1007 491 1066 viri
522 1007 601 1066 docti
632 1007 706 1066 16116
742 1007 796 1065 illa
829 1009 949 1068 venenis
981 1010 1184 1067 tractarenmt

178 1115 283 1172 eaque,
311 1096 381 1154 licet
409 1095 510 1170 aliqua
537 1097 632 1154 denuo
662 1096 723 1173 legi
745 1098 910 1172 potuerint,
937 1097 1026 1172 plane
1049 1116 1184 1172 corrupe-

176 1188 254 1244 runt.
301 1187 390 1260 atque
413 1185 573 1244 verisimile
593 1186 639 1244 661
661 1185 819 1244 Pithoeum
837 1185 946 1261 ipsum
960 1187 1013 1261 qui
1030 1189 1131 1244 tamen
1152 1185 1184 1242 in

176 1275 346 1333 universum
364 1274 461 1350 legere
484 1274 676 1349 potuitquae
695 1293 774 1332 nunc
792 1277 984 1349 evanuerunt,
1005 1274 1184 1332 membranis

176 1381 289 1421 venena
318 1361 530 1438 superfudisse,
558 1363 649 1431 certe,
678 1363 702 1421 si
732 1381 792 1421 non
820 1363 883 1437 ipse
911 1364 994 1437 fecit,
1020 1365 1089 1439 post
1115 1383 1184 1420 eum

176 1452 276 1510 eonati
308 1455 389 1524 sunt,
416 1451 471 1509 hoc
500 1451 588 1509 modo
618 1450 772 1526 deperdita
800 1450 988 1530 investigare.
1033 1451 1079 1510 bis
1106 1451 1192 1509 enim

176 1539 293 1599 Pitheci
311 1540 405 1616 ipsius
424 1558 530 1598 nomen
548 1540 770 1599 medicamentis
788 1541 849 1598 fere
868 1539 1007 1599 obrutum
1026 1543 1078 1600 661.
1111 1541 1184 1598 6116-

175 1648 243 1687 rum
266 1647 383 1704 quoque
414 1631 517 1705 postea
540 1629 687 1704 liquorem
714 1647 776 1688 esse
804 1629 970 1688 adhibitum
993 1629 1183 1688 Schenkelius

177 1717 314 1776 affirmat.
360 1735 418 1793 quo
442 1719 555 1776 factum
578 1721 630 1792 est,
653 1720 689 1775 ut
711 1718 879 1794 fragmenta
897 1720 1015 1776 tantum
1039 1717 1186 1776 declama--

175 1806 291 1866 tionum
316 1807 400 1864 1—6
424 1806 509 1866 nobis
536 1807 707 1865 manserint.
753 1806 908 1865 librarium
935 1807 1007 1866 66116
1032 1807 1184 1866 indoctum

175 1896 265 1954 1111666
301 1915 336 1953 ex
367 1895 495 1970 peccatis
532 1895 568 1953 ab
599 1914 633 1954 66
668 1895 830 1955 commissis
864 1895 952 1954 166116
985 1886 1184 1976 intellegasl),

176 1983 227 2043 sed
257 2003 333 2059 quae
362 1985 394 2042 in
430 1984 591 2059 exemplari
621 2001 673 2044 suo
702 1984 829 2058 invenit,
862 1984 947 2043 anxie
980 2004 1014 2043 66
1046 1985 1183 2062 religiose

176 2075 322 2148 quantum
348 2075 460 2148 potuit,
494 2072 614 2132 reddere
643 2073 765 2131 studuit.
818 2074 914 2132 colore
942 2092 1001 2131 non
1028 2092 1098 2132 usus
1130 2075 1182 2131 est.

176 2164 249 2236 quot
272 2164 448 2221 correctores
472 2160 565 2220 codici
584 2180 703 2237 operam
726 2160 868 2234 dederint,
892 2163 988 2222 adhuc
1010 2162 1065 2220 sub
1087 2162 1183 2220 iudice
1231 2199 1234 2204 ,

175 2249 212 2309 lis
237 2252 288 2308 est.
336 2251 453 2325 quade
477 2251 648 2326 quaestione
671 2249 848 2309 difficillima
871 2251 1008 2310 hocloco
1033 2251 1193 2326 disputare·

174 2341 207 2397 in
226 2338 359 2398 exilitate
377 2339 571 2415 reliquiarum
590 2337 744 2415 Calpurnii
762 2359 817 2415 per
834 2337 870 2399 A
888 2340 1066 2398 traditarum
1084 2356 1183 2416 super-

176 2427 312 2502 sedimus,
330 2429 505 2503 praesertim
524 2447 589 2486 cum
609 2431 723 2487 constet
739 2429 772 2486 in
790 2428 963 2506 corrigendo
981 2429 1183 2504 Montepessu·

174 2517 243 2575 lano
273 2515 355 2575 aliud
382 2517 532 2592 exemplar
559 2536 619 2575 non
646 2535 708 2576 esse
736 2517 903 2576 adhibitum
930 2521 1047 2594 praeter
1076 2518 1121 2591 id,
1148 2537 1184 2574 ex

176 2625 235 2681 quo
258 2604 421 2681 descriptus
441 2608 492 2664 est.
534 2605 700 2666 Dessauero
724 2609 871 2666 corrector
888 2605 967 2665 idem
986 2609 1076 2681 atque
1094 2605 1183 2664 libra·

7 2737 8 2768 1
174 2693 236 2754 rius
258 2694 321 2770 ipse
344 2694 436 2754 fuisse
458 2695 584 2754 ridetur.

7 2807 9 2866 ζ
125 2781 162 2846 Β
243 2782 439 2842 Transeamus
468 2783 505 2842 ad
533 2783 663 2844 codicem
690 2784 935 2844 Monacensem
961 2785 1090 2842 latinum
1118 2785 1182 2843 309

176 2863 254 2952 (B),
277 2873 464 2931 chartaceum
486 2873 518 2930 in
540 2873 626 2946 folio,
652 2875 804 2931 exaratum
832 2872 948 2932 saeculo
971 2872 1027 2930 XV
1050 2875 1182 2930 exeunte.

175 2963 254 3019 recte
287 2963 366 3019 enim
396 2961 497 3020 Ritter
531 2963 563 3019 in
595 2962 724 3020 editione
755 2961 1004 3021 declamationum
1035 2963 1183 3020 minorum

176 3047 355 3118 Quintiliani
385 3041 515 3131 (1884),
548 3071 577 3126 p.
600 3049 663 3124 XV,
699 3050 859 3109 editionem
894 3049 1073 3119 Quintiliani
1087 3050 1183 3109 decla·

247 3221 272 3287 1)
292 3217 342 3285 of,
360 3236 396 3273 ne
415 3221 479 3273 acta
502 3234 597 3289 agam,
622 3217 818 3273 Schenkelium
841 3219 871 3272 in
889 3219 923 3272 Η.
938 3219 958 3272 I.
972 3219 1101 3275 Muelleri
1124 3217 1184 3274 edi-

175 3289 252 3344 tione
270 3289 300 3342 L.
315 3290 424 3346 Annaei
448 3289 568 3344 Senecae
591 3290 680 3359 patn'a
703 3291 871 3360 scriptorum
890 3291 1084 3360 (vindobonae
1103 3293 1183 3359 1881)

175 3379 202 3431 Ρ.
216 3361 410 3504 Xiinliqpiag.
432 3439 455 3486 1.
477 3437 510 3486 10
533 3433 784 3502 alteriapuaitutem
806 3450 857 3502 pro
881 3434 961 3489 altera'
983 3435 1182 3503 tmptmttatem,

174 3509 230 3572 2,4
248 3521 301 3560 aar
318 3507 452 3560 61116666
469 3521 520 3574 pro
538 3520 595 3558 666
612 3506 759 3571 rationem,
783 3509 807 3572 8,
827 3510 861 3558 15
875 3505 1003 3574 6666116
1021 3522 1072 3574 pro
1087 3505 1182 3576 parri·

174 3578 255 3645 611116,
273 3582 346 3644 4,12
365 3577 479 3646 patrico
497 3592 547 3645 pro
562 3576 680 3645 publico.
