2640 3918
584 223 734 280 Praefatio.
1127 227 1165 280 XI

219 393 319 469 Atque
337 393 467 468 primum
485 392 635 468 exemplar
653 412 686 451 ex
706 410 764 467 quo
783 389 820 452 A
838 393 933 468 fluxit,
956 393 993 451 ab
1013 413 1047 452 eo
1066 394 1162 454 diver-

155 504 218 542 sum
236 483 327 542 fuisse
350 481 429 557 quod
447 482 628 558 reliquorum
647 481 783 540 codicum
800 481 859 540 linit
878 483 1065 563 archetypus,
1089 484 1163 544 satis

155 574 353 648 exposuerimt
371 571 423 646 qui
442 570 477 628 de
495 570 680 630 recensendis
699 569 877 638 Quintiliani
898 571 1164 632 declamationibus

155 652 368 741 scripsenmt.¹)
407 678 496 735 quam
510 659 549 718 ad
561 679 625 718 rem
639 658 871 718 confirmandam
886 660 982 720 adieci
1000 661 1077 720 hunc
1097 680 1163 720 con-

155 753 288 826 spectum
305 749 438 808 locorum
453 747 729 824 Oalpnnianonm.
766 748 876 807 litteris
892 749 1020 810 diductis
1035 752 1165 828 genuina

153 839 242 898 lectio
265 837 456 916 significatur.

373 977 410 1040 A

154 1108 181 1163 p.
203 1091 231 1161 1,
250 1088 269 1145 8
293 1087 394 1146 liberis
417 1104 470 1145 333

154 1221 169 1251 ,,
202 1179 267 1250 1,9
293 1179 329 1236 31
351 1195 427 1235 eum

153 1311 169 1343 „
202 1267 290 1340 1,16
315 1263 441 1340 accipiat
463 1256 532 1346 (sic)

154 1400 170 1430 „
202 1356 268 1428 2,3
292 1355 401 1412 habet

154 1489 170 1518 „
201 1445 229 1518 2,
249 1445 268 1502 4
292 1462 348 1501 333
369 1443 516 1501 rationem

154 1576 171 1606 „
202 1535 290 1606 2,12
314 1529 516 1607 hispaniae

154 1665 170 1695 „
201 1624 290 1695 2,12
315 1621 410 1682 omnis

153 1755 170 1784 „
201 1712 418 1786 31333133

153 1845 170 1873 ,‚
201 1801 289 1873 2,13
315 1819 383 1875 qua

152 1932 170 1961 „
201 1890 289 1962 2,17
314 1888 450 1946 iudices

153 2021 169 2051 ,‚
201 1979 289 2051 2,19
313 1977 458 2036 miraris

152 2111 169 2140 ,‚
200 2068 229 2140 2,
249 2069 287 2124 21
313 2068 349 2124 13
373 2085 411 2124 33
436 2068 489 2124 331

152 2199 169 2228 ,,
199 2156 357 2228 310113

152 2287 169 2318 ,,
200 2243 407 2318 31011333

153 2376 170 2406 „
200 2334 229 2408 3,
249 2335 290 2392 24
314 2333 415 2394 crede

772 1047 773 1050 Ὺ
873 972 973 1060 noa)

684 1086 812 1146 liboris

685 1178 717 1233 at
740 1195 809 1234 eum
832 1167 913 1256 (oum
931 1168 982 1256 Β)

685 1265 845 1342 accipiat

685 1371 738 1412 om.
761 1353 853 1412 habet

684 1461 753 1501 non
774 1444 955 1502 rationem

683 1531 837 1608 hesperiae

685 1639 804 1680 omncs

684 1712 787 1785 parte

686 1818 776 1874 quam

683 1887 812 1946 iudicem
835 1879 996 1969 (iudices*)

685 1995 761 2034 nura
783 1995 830 2036 ras

685 2066 841 2124 3311333
878 2137 880 2142 ,

684 2155 758 2213 3113

683 2244 770 2304 labor

684 2333 772 2392 credo

152 2467 169 2498 „
200 2423 229 2496 3,
249 2423 290 2480 24
314 2425 382 2480 313
406 2423 605 2483 iudicasset
685 2422 724 2479 de
747 2425 781 2481 13
804 2421 951 2480 iudicasse

151 2555 168 2587 „
199 2511 475 2587 4,9parricida
512 2529 630 2570 carce·
684 2511 799 2570 titulum
822 2528 875 2569 om.

293 2619 364 2658 rem
387 2604 512 2676 petens

152 2733 168 2762 „
199 2690 290 2763 4,14
332 2708 470 2749 excusare
513 2693 631 2749 testante
683 2707 852 2748 recusare

331 2777 447 2838 Pittaco

150 2965 167 2994 „
198 2922 227 2993 4,
247 2921 287 2978 16
311 2888 393 2980 mebs
416 2939 528 2980 annus

683 2939 777 2980 meos
801 2938 895 2979 annos
914 2913 1009 3001 (meos
1033 2910 1164 3000 333331)

150 3053 167 3083 ,,
198 3011 288 3082 4,17
312 3010 485 3087 gemitum
507 3009 629 3068 miseri
683 3010 824 3068 miserum
846 3009 906 3068 mei
928 3010 1074 3086 gemitum

149 3143 167 3172 „
198 3101 228 3171 4,
249 3102 287 3158 19
313 3099 521 3176 adstringat

149 3232 167 3262 „
198 3189 228 3261 4,
249 3189 289 3246 20
312 3188 372 3245 iam
395 3207 448 3246 om.
535 3235 537 3239 .

684 3099 830 3176 astringet

683 3208 752 3246 ram

222 3374 307 3444 1)·01.
326 3375 430 3430 Rittcn'
447 3374 653 3445 praefationem
672 3377 700 3429 31
718 3375 835 3442 1131133,
860 3375 895 3429 dc
918 3373 1072 3428 minoribus
1091 3390 1164 3442 quac

148 3445 201 3500 sub
219 3447 332 3501 nomine
352 3445 518 3510 Quintiliani
536 3447 666 3503 feruntur
684 3445 945 3512 declamationibus,
964 3464 991 3515 p.
1008 3451 1041 3498 13
1051 3463 1112 3514 sqq.

221 3520 247 3586 2)
267 3517 437 3583 Quibuscum
454 3519 504 3573 ubi
521 3519 697 3574 Monacensis
712 3524 763 3573 316
778 3520 807 3574 31
820 3517 969 3573 Beruensis
984 3517 1163 3583 dissentiunt,

147 3589 162 3617 *
182 3590 311 3659 apposito
330 3589 414 3645 lectio
433 3591 484 3645 illa
503 3591 602 3646 addita
620 3594 670 3646 cst.
