<?xml version="1.0" encoding="UTF-8"?>
<!DOCTYPE html PUBLIC "-//W3C//DTD XHTML 1.0 Transitional//EN"
    "http://www.w3.org/TR/xhtml1/DTD/xhtml1-transitional.dtd">
<html xmlns="http://www.w3.org/1999/xhtml" xml:lang="en" lang="en">
 <head>
  <title>
</title>
<meta http-equiv="Content-Type" content="text/html;charset=utf-8" />
  <meta name='ocr-system' content='tesseract 3.04.00' />
  <meta name='ocr-capabilities' content='ocr_page ocr_carea ocr_par ocr_line ocrx_word'/>
</head>
<body>
  <div class='ocr_page' id='page_1' title='image "./calpvrniiflacci00flacgoog_0015.png"; bbox 0 0 2640 3918; ppageno 0'>
   <div class='ocr_carea' id='block_1_1' title="bbox 158 195 737 252">
    <p class='ocr_par' dir='ltr' id='par_1_1' title="bbox 158 195 737 252">
     <span class='ocr_line' id='line_1_1' title="bbox 158 195 737 252; baseline 0.002 -1"><span class='ocrx_word' id='word_1_1' title='bbox 158 195 223 251; x_wconf 86' lang='lat' dir='ltr'><strong>VIII</strong></span> <span class='ocrx_word' id='word_1_2' title='bbox 588 196 737 252; x_wconf 79' lang='lat' dir='ltr'>Praefatio.</span> 
     </span>
    </p>
   </div>
   <div class='ocr_carea' id='block_1_2' title="bbox 7 365 1172 3005">
    <p class='ocr_par' dir='ltr' id='par_1_2' title="bbox 7 365 1172 2666">
     <span class='ocr_line' id='line_1_2' title="bbox 158 365 1169 442; baseline 0.001 -17"><span class='ocrx_word' id='word_1_3' title='bbox 158 369 195 425; x_wconf 92' lang='lat' dir='ltr'>ut</span> <span class='ocrx_word' id='word_1_4' title='bbox 212 367 276 442; x_wconf 88' lang='lat' dir='ltr'>ipse</span> <span class='ocrx_word' id='word_1_5' title='bbox 294 385 363 425; x_wconf 91' lang='lat' dir='ltr'>raro</span> <span class='ocrx_word' id='word_1_6' title='bbox 381 365 552 434; x_wconf 75' lang='lat' dir='ltr'>emendaret</span> <span class='ocrx_word' id='word_1_7' title='bbox 570 385 647 441; x_wconf 89' lang='lat' dir='ltr'>quae</span> <span class='ocrx_word' id='word_1_8' title='bbox 667 365 809 442; x_wconf 80' lang='lat' dir='ltr'>peccavit.</span> <span class='ocrx_word' id='word_1_9' title='bbox 847 368 1028 426; x_wconf 82' lang='lat' dir='ltr'>correcturas</span> <span class='ocrx_word' id='word_1_10' title='bbox 1046 365 1169 426; x_wconf 86' lang='lat' dir='ltr'>nonita</span> 
     </span>
     <span class='ocr_line' id='line_1_3' title="bbox 160 449 1168 531; baseline 0 -17"><span class='ocrx_word' id='word_1_11' title='bbox 160 455 276 514; x_wconf 87' lang='lat' dir='ltr'>crebras</span> <span class='ocrx_word' id='word_1_12' title='bbox 310 457 443 514; x_wconf 89' lang='lat' dir='ltr'>attamen</span> <span class='ocrx_word' id='word_1_13' title='bbox 472 458 568 514; x_wconf 85' lang='lat' dir='ltr'>rectas</span> <span class='ocrx_word' id='word_1_14' title='bbox 601 454 696 514; x_wconf 89' lang='lat' dir='ltr'>altera</span> <span class='ocrx_word' id='word_1_15' title='bbox 724 473 829 514; x_wconf 89' lang='lat' dir='ltr'>manus</span> <span class='ocrx_word' id='word_1_16' title='bbox 857 456 1022 531; x_wconf 85' lang='lat' dir='ltr'>adscripsit.</span> <span class='ocrx_word' id='word_1_17' title='bbox 1066 449 1168 514; x_wconf 89' lang='lat' dir='ltr'>eadem</span> 
     </span>
     <span class='ocr_line' id='line_1_4' title="bbox 158 543 577 604; baseline -0.002 -2"><span class='ocrx_word' id='word_1_18' title='bbox 158 545 275 604; x_wconf 87' lang='lat' dir='ltr'>litteras</span> <span class='ocrx_word' id='word_1_19' title='bbox 298 544 429 603; x_wconf 89' lang='lat' dir='ltr'>initiales</span> <span class='ocrx_word' id='word_1_20' title='bbox 453 543 577 602; x_wconf 86' lang='lat' dir='ltr'>addidit.</span> 
     </span>
     <span class='ocr_line' id='line_1_5' title="bbox 7 630 1169 708; baseline -0.002 -16"><span class='ocrx_word' id='word_1_21' title='bbox 7 630 145 672; x_wconf 45' lang='grc' dir='ltr'>[ΟΜΝ</span> <span class='ocrx_word' id='word_1_22' title='bbox 226 633 369 708; x_wconf 84' lang='lat' dir='ltr'>Sequitur</span> <span class='ocrx_word' id='word_1_23' title='bbox 385 632 476 692; x_wconf 84' lang='lat' dir='ltr'>codex</span> <span class='ocrx_word' id='word_1_24' title='bbox 493 633 717 693; x_wconf 84' lang='lat' dir='ltr'>Monacensis</span> <span class='ocrx_word' id='word_1_25' title='bbox 735 634 847 692; x_wconf 85' lang='lat' dir='ltr'>latinus</span> <span class='ocrx_word' id='word_1_26' title='bbox 868 634 941 707; x_wconf 87' lang='grc'>316,</span> <span class='ocrx_word' id='word_1_27' title='bbox 960 633 1072 692; x_wconf 89' lang='lat' dir='ltr'>saeculi</span> <span class='ocrx_word' id='word_1_28' title='bbox 1088 632 1169 708; x_wconf 84' lang='lat' dir='ltr'><strong>XVI,</strong></span> 
     </span>
     <span class='ocr_line' id='line_1_6' title="bbox 52 686 1168 798; baseline -0.002 -16"><span class='ocrx_word' id='word_1_29' title='bbox 52 686 98 726; x_wconf 58' lang='lat' dir='ltr'><strong>m</strong></span> <span class='ocrx_word' id='word_1_30' title='bbox 159 723 331 782; x_wconf 78' lang='lat' dir='ltr'>chartaceus</span> <span class='ocrx_word' id='word_1_31' title='bbox 349 724 381 780; x_wconf 87' lang='lat' dir='ltr'>in</span> <span class='ocrx_word' id='word_1_32' title='bbox 399 722 473 780; x_wconf 90' lang='lat' dir='ltr'>folio</span> <span class='ocrx_word' id='word_1_33' title='bbox 489 723 529 781; x_wconf 88' lang='lat'>19</span> <span class='ocrx_word' id='word_1_34' title='bbox 549 722 689 782; x_wconf 87' lang='lat' dir='ltr'>foliorum</span> <span class='ocrx_word' id='word_1_35' title='bbox 708 724 760 797; x_wconf 91' lang='lat' dir='ltr'>qui</span> <span class='ocrx_word' id='word_1_36' title='bbox 778 723 874 781; x_wconf 89' lang='lat' dir='ltr'>solum</span> <span class='ocrx_word' id='word_1_37' title='bbox 889 719 1082 798; x_wconf 80' lang='lat' dir='ltr'>Calpurnium</span> <span class='ocrx_word' id='word_1_38' title='bbox 1101 741 1168 782; x_wconf 89' lang='lat' dir='ltr'>con-</span> 
     </span>
     <span class='ocr_line' id='line_1_7' title="bbox 158 810 1169 888; baseline 0.001 -19"><span class='ocrx_word' id='word_1_39' title='bbox 158 813 242 870; x_wconf 86' lang='lat' dir='ltr'>tinet.</span> <span class='ocrx_word' id='word_1_40' title='bbox 279 810 510 886; x_wconf 89' lang='lat' dir='ltr'>uniuscuiusque</span> <span class='ocrx_word' id='word_1_41' title='bbox 523 812 652 888; x_wconf 79' lang='lat' dir='ltr'>paginae</span> <span class='ocrx_word' id='word_1_42' title='bbox 670 814 741 870; x_wconf 89' lang='lat' dir='ltr'>sunt</span> <span class='ocrx_word' id='word_1_43' title='bbox 753 811 849 870; x_wconf 90' lang='lat' dir='ltr'>lineae</span> <span class='ocrx_word' id='word_1_44' title='bbox 865 811 915 869; x_wconf 78' lang='lat'>26.</span> <span class='ocrx_word' id='word_1_45' title='bbox 948 811 1050 869; x_wconf 89' lang='lat' dir='ltr'>eadem</span> <span class='ocrx_word' id='word_1_46' title='bbox 1064 829 1169 870; x_wconf 89' lang='lat' dir='ltr'>manus</span> 
     </span>
     <span class='ocr_line' id='line_1_8' title="bbox 159 899 1168 977; baseline -0.001 -19"><span class='ocrx_word' id='word_1_47' title='bbox 159 919 235 975; x_wconf 91' lang='lat' dir='ltr'>quae</span> <span class='ocrx_word' id='word_1_48' title='bbox 249 900 379 960; x_wconf 86' lang='lat' dir='ltr'>codr&#39;cem</span> <span class='ocrx_word' id='word_1_49' title='bbox 393 901 513 977; x_wconf 89' lang='lat' dir='ltr'>scripsit</span> <span class='ocrx_word' id='word_1_50' title='bbox 526 900 635 960; x_wconf 87' lang='lat' dir='ltr'>litteris</span> <span class='ocrx_word' id='word_1_51' title='bbox 653 899 814 974; x_wconf 81' lang='lat' dir='ltr'>inclinatis,</span> <span class='ocrx_word' id='word_1_52' title='bbox 830 917 994 976; x_wconf 87' lang='lat' dir='ltr'>perpaucas</span> <span class='ocrx_word' id='word_1_53' title='bbox 1009 899 1078 961; x_wconf 90' lang='lat' dir='ltr'>illas</span> <span class='ocrx_word' id='word_1_54' title='bbox 1092 919 1168 975; x_wconf 89' lang='lat' dir='ltr'>quae</span> 
     </span>
     <span class='ocr_line' id='line_1_9' title="bbox 158 988 1169 1064; baseline 0 -16"><span class='ocrx_word' id='word_1_55' title='bbox 158 990 358 1063; x_wconf 85' lang='lat' dir='ltr'>inveniuntur,</span> <span class='ocrx_word' id='word_1_56' title='bbox 373 991 554 1048; x_wconf 88' lang='lat' dir='ltr'>correcturas</span> <span class='ocrx_word' id='word_1_57' title='bbox 573 988 738 1064; x_wconf 79' lang='lat' dir='ltr'>adscripsit.</span> <span class='ocrx_word' id='word_1_58' title='bbox 775 991 949 1048; x_wconf 89' lang='lat' dir='ltr'>ornamento</span> <span class='ocrx_word' id='word_1_59' title='bbox 963 988 1047 1046; x_wconf 88' lang='lat' dir='ltr'>rubri</span> <span class='ocrx_word' id='word_1_60' title='bbox 1062 989 1169 1048; x_wconf 90' lang='lat' dir='ltr'>coloris</span> 
     </span>
     <span class='ocr_line' id='line_1_10' title="bbox 159 1077 1168 1156; baseline -0.001 -20"><span class='ocrx_word' id='word_1_61' title='bbox 159 1081 240 1137; x_wconf 88' lang='lat' dir='ltr'>caret</span> <span class='ocrx_word' id='word_1_62' title='bbox 262 1077 390 1137; x_wconf 75' lang='lat' dir='ltr'>libellus,</span> <span class='ocrx_word' id='word_1_63' title='bbox 436 1078 532 1152; x_wconf 89' lang='lat' dir='ltr'>tituli,</span> <span class='ocrx_word' id='word_1_64' title='bbox 561 1079 641 1156; x_wconf 87' lang='lat' dir='ltr'>leges</span> <span class='ocrx_word' id='word_1_65' title='bbox 665 1080 694 1136; x_wconf 89' lang='lat' dir='ltr'>et</span> <span class='ocrx_word' id='word_1_66' title='bbox 718 1080 817 1154; x_wconf 87' lang='lat' dir='ltr'>prima</span> <span class='ocrx_word' id='word_1_67' title='bbox 840 1078 981 1153; x_wconf 90' lang='lat' dir='ltr'>cuiusque</span> <span class='ocrx_word' id='word_1_68' title='bbox 1004 1078 1168 1154; x_wconf 75' lang='lat' dir='ltr'>particulae</span> 
     </span>
     <span class='ocr_line' id='line_1_11' title="bbox 159 1165 1170 1243; baseline 0 -19"><span class='ocrx_word' id='word_1_69' title='bbox 159 1167 261 1226; x_wconf 85' lang='lat' dir='ltr'>littera</span> <span class='ocrx_word' id='word_1_70' title='bbox 292 1167 402 1226; x_wconf 85' lang='lat' dir='ltr'>lItteris</span> <span class='ocrx_word' id='word_1_71' title='bbox 433 1166 607 1226; x_wconf 89' lang='lat' dir='ltr'>maiusculis</span> <span class='ocrx_word' id='word_1_72' title='bbox 639 1165 810 1226; x_wconf 90' lang='lat' dir='ltr'>redduntur.</span> <span class='ocrx_word' id='word_1_73' title='bbox 865 1167 991 1243; x_wconf 87' lang='lat' dir='ltr'>singulis</span> <span class='ocrx_word' id='word_1_74' title='bbox 1023 1166 1170 1226; x_wconf 90' lang='lat' dir='ltr'>declama·</span> 
     </span>
     <span class='ocr_line' id='line_1_12' title="bbox 158 1254 1169 1333; baseline 0 -19"><span class='ocrx_word' id='word_1_75' title='bbox 158 1254 290 1315; x_wconf 88' lang='lat' dir='ltr'>tionibus</span> <span class='ocrx_word' id='word_1_76' title='bbox 313 1257 429 1315; x_wconf 92' lang='lat' dir='ltr'>numeri</span> <span class='ocrx_word' id='word_1_77' title='bbox 456 1255 587 1331; x_wconf 80' lang='lat' dir='ltr'>adpositi</span> <span class='ocrx_word' id='word_1_78' title='bbox 609 1258 686 1314; x_wconf 91' lang='lat' dir='ltr'>sunt.</span> <span class='ocrx_word' id='word_1_79' title='bbox 732 1257 811 1314; x_wconf 90' lang='lat' dir='ltr'>inter</span> <span class='ocrx_word' id='word_1_80' title='bbox 838 1258 1013 1333; x_wconf 89' lang='lat' dir='ltr'>argumenta</span> <span class='ocrx_word' id='word_1_81' title='bbox 1037 1259 1067 1314; x_wconf 94' lang='lat' dir='ltr'>et</span> <span class='ocrx_word' id='word_1_82' title='bbox 1088 1257 1169 1331; x_wconf 86' lang='lat' dir='ltr'>ipsas</span> 
     </span>
     <span class='ocr_line' id='line_1_13' title="bbox 159 1345 1171 1421; baseline 0 -19"><span class='ocrx_word' id='word_1_83' title='bbox 159 1345 389 1404; x_wconf 86' lang='lat' dir='ltr'>declamationes</span> <span class='ocrx_word' id='word_1_84' title='bbox 420 1346 566 1403; x_wconf 78' lang='lat' dir='ltr'>Inscitum</span> <span class='ocrx_word' id='word_1_85' title='bbox 596 1345 736 1421; x_wconf 80' lang='lat' dir='ltr'>legimus,</span> <span class='ocrx_word' id='word_1_86' title='bbox 768 1363 822 1420; x_wconf 91' lang='lat' dir='ltr'>pro</span> <span class='ocrx_word' id='word_1_87' title='bbox 855 1363 913 1420; x_wconf 92' lang='lat' dir='ltr'>quo</span> <span class='ocrx_word' id='word_1_88' title='bbox 945 1345 993 1404; x_wconf 85' lang='lat' dir='ltr'>val</span> <span class='ocrx_word' id='word_1_89' title='bbox 1022 1345 1055 1402; x_wconf 90' lang='lat' dir='ltr'>in</span> <span class='ocrx_word' id='word_1_90' title='bbox 1083 1363 1171 1419; x_wconf 91' lang='lat' dir='ltr'>quem</span> 
     </span>
     <span class='ocr_line' id='line_1_14' title="bbox 159 1432 557 1492; baseline -0.005 0"><span class='ocrx_word' id='word_1_91' title='bbox 159 1435 361 1492; x_wconf 86' lang='lat' dir='ltr'>controversia</span> <span class='ocrx_word' id='word_1_92' title='bbox 383 1432 487 1492; x_wconf 89' lang='lat' dir='ltr'>habita</span> <span class='ocrx_word' id='word_1_93' title='bbox 510 1433 557 1492; x_wconf 90' lang='lat' dir='ltr'>sit.</span> 
     </span>
     <span class='ocr_line' id='line_1_15' title="bbox 51 1521 1170 1597; baseline -0.002 -15"><span class='ocrx_word' id='word_1_94' title='bbox 51 1530 140 1560; x_wconf 58' lang='grc' dir='ltr'>Μ’·</span> <span class='ocrx_word' id='word_1_95' title='bbox 225 1522 331 1582; x_wconf 85' lang='lat' dir='ltr'>Restat</span> <span class='ocrx_word' id='word_1_96' title='bbox 362 1521 452 1581; x_wconf 83' lang='lat' dir='ltr'>codex</span> <span class='ocrx_word' id='word_1_97' title='bbox 483 1521 675 1581; x_wconf 88' lang='lat' dir='ltr'>Beruensis</span> <span class='ocrx_word' id='word_1_98' title='bbox 708 1523 820 1581; x_wconf 86' lang='lat' dir='ltr'>latinus</span> <span class='ocrx_word' id='word_1_99' title='bbox 852 1523 914 1581; x_wconf 87' lang='grc'>149</span> <span class='ocrx_word' id='word_1_100' title='bbox 948 1521 1059 1581; x_wconf 86' lang='lat' dir='ltr'>saeculi</span> <span class='ocrx_word' id='word_1_101' title='bbox 1090 1521 1170 1597; x_wconf 78' lang='lat' dir='ltr'><strong>XVI,</strong></span> 
     </span>
     <span class='ocr_line' id='line_1_16' title="bbox 96 1605 1170 1689; baseline -0.003 -18"><span class='ocrx_word' id='word_1_102' title='bbox 96 1605 101 1614; x_wconf 77' lang='grc'><strong>’</strong></span> <span class='ocrx_word' id='word_1_103' title='bbox 160 1612 333 1671; x_wconf 86' lang='lat' dir='ltr'>chartaceus</span> <span class='ocrx_word' id='word_1_104' title='bbox 356 1611 492 1686; x_wconf 87' lang='lat' dir='ltr'>infolio,</span> <span class='ocrx_word' id='word_1_105' title='bbox 516 1609 890 1689; x_wconf 77' lang='lat' dir='ltr'>oIImIacobiBongarsii.</span> <span class='ocrx_word' id='word_1_106' title='bbox 936 1612 1040 1670; x_wconf 89' lang='lat' dir='ltr'>insunt</span> <span class='ocrx_word' id='word_1_107' title='bbox 1061 1611 1094 1668; x_wconf 90' lang='lat' dir='ltr'>in</span> <span class='ocrx_word' id='word_1_108' title='bbox 1116 1611 1170 1669; x_wconf 88' lang='lat' dir='ltr'>illo</span> 
     </span>
     <span class='ocr_line' id='line_1_17' title="bbox 159 1698 1171 1782; baseline 0 -22"><span class='ocrx_word' id='word_1_109' title='bbox 159 1700 341 1760; x_wconf 88' lang='lat' dir='ltr'>collectanea</span> <span class='ocrx_word' id='word_1_110' title='bbox 363 1699 522 1777; x_wconf 86' lang='lat' dir='ltr'>Bongarsii</span> <span class='ocrx_word' id='word_1_111' title='bbox 544 1698 680 1775; x_wconf 78' lang='lat' dir='ltr'>iuridi0a‚</span> <span class='ocrx_word' id='word_1_112' title='bbox 702 1699 825 1782; x_wconf 86' lang='lat' dir='ltr'>medica,</span> <span class='ocrx_word' id='word_1_113' title='bbox 850 1698 1015 1774; x_wconf 82' lang='lat' dir='ltr'>alchymica</span> <span class='ocrx_word' id='word_1_114' title='bbox 1037 1698 1171 1760; x_wconf 87' lang='lat' dir='ltr'>diversae</span> 
     </span>
     <span class='ocr_line' id='line_1_18' title="bbox 160 1787 1171 1867; baseline 0 -21"><span class='ocrx_word' id='word_1_115' title='bbox 160 1792 191 1847; x_wconf 91' lang='lat' dir='ltr'>et</span> <span class='ocrx_word' id='word_1_116' title='bbox 213 1789 337 1867; x_wconf 81' lang='lat' dir='ltr'>origInis</span> <span class='ocrx_word' id='word_1_117' title='bbox 356 1791 387 1848; x_wconf 93' lang='lat' dir='ltr'>et</span> <span class='ocrx_word' id='word_1_118' title='bbox 408 1790 550 1864; x_wconf 88' lang='lat' dir='ltr'>temporis</span> <span class='ocrx_word' id='word_1_119' title='bbox 570 1807 695 1863; x_wconf 88' lang='lat' dir='ltr'>quorum</span> <span class='ocrx_word' id='word_1_120' title='bbox 716 1788 844 1847; x_wconf 85' lang='lat' dir='ltr'>iudicem</span> <span class='ocrx_word' id='word_1_121' title='bbox 865 1789 981 1847; x_wconf 86' lang='lat' dir='ltr'>iuvenis</span> <span class='ocrx_word' id='word_1_122' title='bbox 1003 1787 1035 1846; x_wconf 93' lang='lat' dir='ltr'>in</span> <span class='ocrx_word' id='word_1_123' title='bbox 1053 1788 1171 1867; x_wconf 86' lang='lat' dir='ltr'>Hageni</span> 
     </span>
     <span class='ocr_line' id='line_1_19' title="bbox 159 1868 1171 1959; baseline -0.002 -21"><span class='ocrx_word' id='word_1_124' title='bbox 159 1880 296 1956; x_wconf 84' lang='lat' dir='ltr'>catalogo</span> <span class='ocrx_word' id='word_1_125' title='bbox 329 1877 463 1938; x_wconf 89' lang='lat' dir='ltr'>codicum</span> <span class='ocrx_word' id='word_1_126' title='bbox 494 1877 689 1936; x_wconf 88' lang='lat' dir='ltr'>Beruensium</span> <span class='ocrx_word' id='word_1_127' title='bbox 717 1868 833 1959; x_wconf 79' lang='lat'>(1875)</span> <span class='ocrx_word' id='word_1_128' title='bbox 856 1897 884 1952; x_wconf 87' lang='lat' dir='ltr'>p.</span> <span class='ocrx_word' id='word_1_129' title='bbox 905 1879 978 1935; x_wconf 79' lang='grc'>216.</span> <span class='ocrx_word' id='word_1_130' title='bbox 1029 1878 1171 1953; x_wconf 87' lang='lat' dir='ltr'>opuscula</span> 
     </span>
     <span class='ocr_line' id='line_1_20' title="bbox 159 1965 1171 2044; baseline -0.002 -18"><span class='ocrx_word' id='word_1_131' title='bbox 159 1968 214 2026; x_wconf 92' lang='lat' dir='ltr'>illa</span> <span class='ocrx_word' id='word_1_132' title='bbox 249 1968 360 2044; x_wconf 82' lang='lat' dir='ltr'>partim</span> <span class='ocrx_word' id='word_1_133' title='bbox 396 1966 577 2044; x_wconf 86' lang='lat' dir='ltr'>Bongarsius</span> <span class='ocrx_word' id='word_1_134' title='bbox 613 1968 677 2042; x_wconf 89' lang='lat' dir='ltr'>ipse</span> <span class='ocrx_word' id='word_1_135' title='bbox 713 1967 844 2042; x_wconf 88' lang='lat' dir='ltr'>scripsit,</span> <span class='ocrx_word' id='word_1_136' title='bbox 881 1965 992 2042; x_wconf 86' lang='lat' dir='ltr'>partim</span> <span class='ocrx_word' id='word_1_137' title='bbox 1028 1966 1096 2025; x_wconf 84' lang='lat' dir='ltr'>aliis</span> <span class='ocrx_word' id='word_1_138' title='bbox 1133 1965 1171 2025; x_wconf 90' lang='lat' dir='ltr'>ad</span> 
     </span>
     <span class='ocr_line' id='line_1_21' title="bbox 160 2054 1170 2133; baseline -0.003 -18"><span class='ocrx_word' id='word_1_139' title='bbox 160 2055 348 2116; x_wconf 89' lang='lat' dir='ltr'>scribendum</span> <span class='ocrx_word' id='word_1_140' title='bbox 378 2054 511 2115; x_wconf 88' lang='lat' dir='ltr'>tradidit.</span> <span class='ocrx_word' id='word_1_141' title='bbox 559 2057 624 2113; x_wconf 87' lang='lat' dir='ltr'>tum</span> <span class='ocrx_word' id='word_1_142' title='bbox 651 2056 706 2114; x_wconf 90' lang='lat' dir='ltr'>illa</span> <span class='ocrx_word' id='word_1_143' title='bbox 732 2054 903 2133; x_wconf 87' lang='lat' dir='ltr'>bibliopega</span> <span class='ocrx_word' id='word_1_144' title='bbox 929 2073 988 2115; x_wconf 90' lang='lat' dir='ltr'>uno</span> <span class='ocrx_word' id='word_1_145' title='bbox 1020 2055 1170 2113; x_wconf 86' lang='lat' dir='ltr'>volumino</span> 
     </span>
     <span class='ocr_line' id='line_1_22' title="bbox 160 2137 1172 2224; baseline -0.002 -20"><span class='ocrx_word' id='word_1_146' title='bbox 160 2137 350 2224; x_wconf 87' lang='lat' dir='ltr'>coniunxit.¹)</span> <span class='ocrx_word' id='word_1_147' title='bbox 397 2142 551 2219; x_wconf 72' lang='lat' dir='ltr'>Calpurnii</span> <span class='ocrx_word' id='word_1_148' title='bbox 577 2147 714 2220; x_wconf 86' lang='lat' dir='ltr'>excerpta</span> <span class='ocrx_word' id='word_1_149' title='bbox 741 2143 856 2203; x_wconf 90' lang='lat' dir='ltr'>scribae</span> <span class='ocrx_word' id='word_1_150' title='bbox 883 2143 1001 2204; x_wconf 89' lang='lat' dir='ltr'>cuidam</span> <span class='ocrx_word' id='word_1_151' title='bbox 1028 2143 1172 2203; x_wconf 90' lang='lat' dir='ltr'>debentur</span> 
     </span>
     <span class='ocr_line' id='line_1_23' title="bbox 161 2231 1171 2310; baseline -0.001 -18"><span class='ocrx_word' id='word_1_152' title='bbox 161 2237 213 2310; x_wconf 88' lang='lat' dir='ltr'>qui</span> <span class='ocrx_word' id='word_1_153' title='bbox 232 2253 267 2293; x_wconf 90' lang='lat' dir='ltr'>ea</span> <span class='ocrx_word' id='word_1_154' title='bbox 288 2235 327 2293; x_wconf 90' lang='grc'>16</span> <span class='ocrx_word' id='word_1_155' title='bbox 347 2233 428 2292; x_wconf 80' lang='lat' dir='ltr'>fol&#39;rIs</span> <span class='ocrx_word' id='word_1_156' title='bbox 448 2231 583 2292; x_wconf 87' lang='lat' dir='ltr'>absolvit.</span> <span class='ocrx_word' id='word_1_157' title='bbox 626 2233 744 2292; x_wconf 83' lang='lat' dir='ltr'>Titulus</span> <span class='ocrx_word' id='word_1_158' title='bbox 763 2233 946 2293; x_wconf 86' lang='lat' dir='ltr'>collectionis</span> <span class='ocrx_word' id='word_1_159' title='bbox 964 2235 1000 2292; x_wconf 91' lang='lat' dir='ltr'>ut</span> <span class='ocrx_word' id='word_1_160' title='bbox 1018 2235 1050 2291; x_wconf 90' lang='lat' dir='ltr'>in</span> <span class='ocrx_word' id='word_1_161' title='bbox 1068 2232 1171 2292; x_wconf 87' lang='lat' dir='ltr'>Mona·</span> 
     </span>
     <span class='ocr_line' id='line_1_24' title="bbox 160 2315 1170 2398; baseline -0.003 -16"><span class='ocrx_word' id='word_1_162' title='bbox 160 2325 241 2383; x_wconf 87' lang='lat' dir='ltr'>censi</span> <span class='ocrx_word' id='word_1_163' title='bbox 266 2322 328 2382; x_wconf 87' lang='grc'>316</span> <span class='ocrx_word' id='word_1_164' title='bbox 353 2325 410 2381; x_wconf 89' lang='lat' dir='ltr'>ast:</span> <span class='ocrx_word' id='word_1_165' title='bbox 434 2315 593 2397; x_wconf 73' lang='lat' dir='ltr'>‘incipiunt</span> <span class='ocrx_word' id='word_1_166' title='bbox 617 2340 651 2381; x_wconf 81' lang='lat' dir='ltr'>er</span> <span class='ocrx_word' id='word_1_167' title='bbox 680 2320 841 2397; x_wconf 78' lang='lat' dir='ltr'>Calpurni0</span> <span class='ocrx_word' id='word_1_168' title='bbox 863 2322 971 2382; x_wconf 84' lang='lat' dir='ltr'>Flacco</span> <span class='ocrx_word' id='word_1_169' title='bbox 994 2315 1170 2398; x_wconf 81' lang='lat' dir='ltr'>excerptae&#39;.</span> 
     </span>
     <span class='ocr_line' id='line_1_25' title="bbox 159 2406 1171 2488; baseline -0.002 -18"><span class='ocrx_word' id='word_1_170' title='bbox 159 2412 191 2470; x_wconf 91' lang='lat' dir='ltr'>in</span> <span class='ocrx_word' id='word_1_171' title='bbox 214 2415 340 2488; x_wconf 89' lang='lat' dir='ltr'>utroque</span> <span class='ocrx_word' id='word_1_172' title='bbox 363 2413 458 2488; x_wconf 89' lang='lat' dir='ltr'>igitur</span> <span class='ocrx_word' id='word_1_173' title='bbox 475 2409 582 2470; x_wconf 92' lang='lat' dir='ltr'>desunt</span> <span class='ocrx_word' id='word_1_174' title='bbox 600 2409 704 2470; x_wconf 87' lang='lat' dir='ltr'>verba:</span> <span class='ocrx_word' id='word_1_175' title='bbox 728 2406 878 2488; x_wconf 80' lang='lat' dir='ltr'>‘excerpta</span> <span class='ocrx_word' id='word_1_176' title='bbox 896 2412 923 2469; x_wconf 90' lang='lat' dir='ltr'>X</span> <span class='ocrx_word' id='word_1_177' title='bbox 945 2411 1098 2470; x_wconf 87' lang='lat' dir='ltr'>rhetorum</span> <span class='ocrx_word' id='word_1_178' title='bbox 1115 2411 1171 2468; x_wconf 91' lang='lat' dir='ltr'>mi-</span> 
     </span>
     <span class='ocr_line' id='line_1_26' title="bbox 160 2495 1171 2578; baseline -0.003 -18"><span class='ocrx_word' id='word_1_179' title='bbox 160 2495 286 2560; x_wconf 90' lang='lat' dir='ltr'>norum&#39;.</span> <span class='ocrx_word' id='word_1_180' title='bbox 328 2499 453 2577; x_wconf 87' lang='lat' dir='ltr'>siugulis</span> <span class='ocrx_word' id='word_1_181' title='bbox 472 2498 737 2559; x_wconf 86' lang='lat' dir='ltr'>declamationibus</span> <span class='ocrx_word' id='word_1_182' title='bbox 755 2502 788 2558; x_wconf 87' lang='lat' dir='ltr'>in</span> <span class='ocrx_word' id='word_1_183' title='bbox 805 2499 939 2578; x_wconf 80' lang='lat' dir='ltr'>margine</span> <span class='ocrx_word' id='word_1_184' title='bbox 957 2518 1096 2558; x_wconf 89' lang='lat' dir='ltr'>numerus</span> <span class='ocrx_word' id='word_1_185' title='bbox 1120 2500 1171 2557; x_wconf 89' lang='lat' dir='ltr'>ad-</span> 
     </span>
     <span class='ocr_line' id='line_1_27' title="bbox 160 2592 350 2666; baseline -0.021 -16"><span class='ocrx_word' id='word_1_186' title='bbox 160 2592 274 2666; x_wconf 87' lang='lat' dir='ltr'>positus</span> <span class='ocrx_word' id='word_1_187' title='bbox 298 2592 350 2648; x_wconf 90' lang='lat' dir='ltr'>est.</span> 
     </span>
    </p>

    <p class='ocr_par' dir='ltr' id='par_1_3' title="bbox 159 2675 1172 3005">
     <span class='ocr_line' id='line_1_28' title="bbox 251 2675 1172 2755; baseline -0.003 -18"><span class='ocrx_word' id='word_1_188' title='bbox 251 2677 366 2737; x_wconf 72' lang='lat' dir='ltr'>Codicis</span> <span class='ocrx_word' id='word_1_189' title='bbox 389 2675 425 2737; x_wconf 80' lang='grc' dir='ltr'><strong><em>Α</em></strong></span> <span class='ocrx_word' id='word_1_190' title='bbox 449 2677 607 2737; x_wconf 89' lang='lat' dir='ltr'>collatione</span> <span class='ocrx_word' id='word_1_191' title='bbox 634 2677 771 2755; x_wconf 91' lang='lat' dir='ltr'>Hugonis</span> <span class='ocrx_word' id='word_1_192' title='bbox 793 2677 941 2736; x_wconf 88' lang='lat' dir='ltr'>Dessaucr</span> <span class='ocrx_word' id='word_1_193' title='bbox 966 2678 1012 2736; x_wconf 91' lang='lat' dir='ltr'>uti</span> <span class='ocrx_word' id='word_1_194' title='bbox 1041 2676 1115 2735; x_wconf 90' lang='lat' dir='ltr'>mihi</span> <span class='ocrx_word' id='word_1_195' title='bbox 1137 2676 1172 2734; x_wconf 93' lang='lat' dir='ltr'>li·</span> 
     </span>
     <span class='ocr_line' id='line_1_29' title="bbox 161 2764 1172 2845; baseline -0.004 -18"><span class='ocrx_word' id='word_1_196' title='bbox 161 2768 231 2845; x_wconf 86' lang='lat' dir='ltr'>cuit,</span> <span class='ocrx_word' id='word_1_197' title='bbox 250 2768 359 2827; x_wconf 90' lang='lat' dir='ltr'>codicis</span> <span class='ocrx_word' id='word_1_198' title='bbox 379 2764 597 2828; x_wconf 79' lang='lat' dir='ltr'>Ocellationes</span> <span class='ocrx_word' id='word_1_199' title='bbox 617 2766 748 2826; x_wconf 86' lang='lat' dir='ltr'>eiusdem</span> <span class='ocrx_word' id='word_1_200' title='bbox 769 2768 800 2824; x_wconf 90' lang='lat' dir='ltr'>et</span> <span class='ocrx_word' id='word_1_201' title='bbox 817 2765 936 2825; x_wconf 87' lang='lat' dir='ltr'>Ottonis</span> <span class='ocrx_word' id='word_1_202' title='bbox 955 2764 1080 2826; x_wconf 83' lang='lat' dir='ltr'>Schwab</span> <span class='ocrx_word' id='word_1_203' title='bbox 1098 2765 1172 2823; x_wconf 92' lang='lat' dir='ltr'>mihi</span> 
     </span>
     <span class='ocr_line' id='line_1_30' title="bbox 159 2853 1172 2933; baseline -0.001 -19"><span class='ocrx_word' id='word_1_204' title='bbox 159 2860 279 2933; x_wconf 87' lang='lat' dir='ltr'>praesto</span> <span class='ocrx_word' id='word_1_205' title='bbox 310 2856 403 2914; x_wconf 88' lang='lat' dir='ltr'>erant.</span> <span class='ocrx_word' id='word_1_206' title='bbox 455 2854 645 2914; x_wconf 88' lang='lat' dir='ltr'>Monacenses</span> <span class='ocrx_word' id='word_1_207' title='bbox 675 2857 706 2914; x_wconf 91' lang='lat' dir='ltr'>et</span> <span class='ocrx_word' id='word_1_208' title='bbox 734 2854 913 2914; x_wconf 89' lang='lat' dir='ltr'>Beruensem</span> <span class='ocrx_word' id='word_1_209' title='bbox 941 2855 1004 2930; x_wconf 89' lang='lat' dir='ltr'>ipse</span> <span class='ocrx_word' id='word_1_210' title='bbox 1034 2853 1172 2914; x_wconf 85' lang='lat' dir='ltr'>Monachi</span> 
     </span>
     <span class='ocr_line' id='line_1_31' title="bbox 161 2944 654 3005; baseline -0.006 -1"><span class='ocrx_word' id='word_1_211' title='bbox 161 2948 304 3005; x_wconf 89' lang='lat' dir='ltr'>autumno</span> <span class='ocrx_word' id='word_1_212' title='bbox 328 2944 399 3004; x_wconf 90' lang='lat' dir='ltr'>anni</span> <span class='ocrx_word' id='word_1_213' title='bbox 424 2945 510 3003; x_wconf 89' lang='grc'>1900</span> <span class='ocrx_word' id='word_1_214' title='bbox 533 2944 654 3002; x_wconf 84' lang='lat' dir='ltr'>contuli</span> 
     </span>
    </p>
   </div>
   <div class='ocr_carea' id='block_1_3' title="bbox 161 3025 1173 3202">
    <p class='ocr_par' dir='ltr' id='par_1_4' title="bbox 161 3025 1173 3202">
     <span class='ocr_line' id='line_1_32' title="bbox 228 3025 1173 3111; baseline -0.001 -18"><span class='ocrx_word' id='word_1_215' title='bbox 228 3034 366 3111; x_wconf 77' lang='lat' dir='ltr'>Epistula</span> <span class='ocrx_word' id='word_1_216' title='bbox 381 3035 481 3092; x_wconf 90' lang='lat' dir='ltr'>autem</span> <span class='ocrx_word' id='word_1_217' title='bbox 495 3031 536 3091; x_wconf 89' lang='lat' dir='ltr'>Io.</span> <span class='ocrx_word' id='word_1_218' title='bbox 547 3032 618 3091; x_wconf 88' lang='lat' dir='ltr'>Ant.</span> <span class='ocrx_word' id='word_1_219' title='bbox 629 3025 802 3109; x_wconf 55' lang='lat' dir='ltr'>Campaniff)</span> <span class='ocrx_word' id='word_1_220' title='bbox 817 3033 856 3091; x_wconf 88' lang='lat' dir='ltr'>ad</span> <span class='ocrx_word' id='word_1_221' title='bbox 869 3033 1061 3092; x_wconf 82' lang='lat' dir='ltr'>Franciscum</span> <span class='ocrx_word' id='word_1_222' title='bbox 1071 3033 1173 3094; x_wconf 86' lang='lat' dir='ltr'>Piceo·</span> 
     </span>
     <span class='ocr_line' id='line_1_33' title="bbox 161 3113 1172 3202; baseline -0.002 -21"><span class='ocrx_word' id='word_1_223' title='bbox 161 3123 329 3198; x_wconf 89' lang='lat' dir='ltr'>lominium,</span> <span class='ocrx_word' id='word_1_224' title='bbox 353 3122 535 3182; x_wconf 86' lang='lat' dir='ltr'>cardinalem</span> <span class='ocrx_word' id='word_1_225' title='bbox 558 3113 761 3202; x_wconf 64' lang='lat' dir='ltr'>Senensem3),</span> <span class='ocrx_word' id='word_1_226' title='bbox 787 3121 859 3180; x_wconf 87' lang='lat' dir='ltr'>data</span> <span class='ocrx_word' id='word_1_227' title='bbox 881 3121 1020 3180; x_wconf 90' lang='lat' dir='ltr'>docemur</span> <span class='ocrx_word' id='word_1_228' title='bbox 1043 3141 1078 3181; x_wconf 87' lang='lat' dir='ltr'>ex</span> <span class='ocrx_word' id='word_1_229' title='bbox 1101 3120 1172 3180; x_wconf 81' lang='lat' dir='ltr'>Ger·</span> 
     </span>
    </p>
   </div>
   <div class='ocr_carea' id='block_1_4' title="bbox 161 3227 374 3234">
    <p class='ocr_par' dir='ltr' id='par_1_5' title="bbox 161 3227 374 3234">
     <span class='ocr_line' id='line_1_34' title="bbox 161 3227 374 3234; baseline 0 -1"><span class='ocrx_word' id='word_1_230' title='bbox 161 3227 374 3234; x_wconf 69' lang='lat'><strong><em>-—.——.</em></strong></span> 
     </span>
    </p>
   </div>
   <div class='ocr_carea' id='block_1_5' title="bbox 160 3271 1174 3562">
    <p class='ocr_par' dir='ltr' id='par_1_6' title="bbox 160 3271 1174 3486">
     <span class='ocr_line' id='line_1_35' title="bbox 234 3271 1174 3345; baseline -0.004 -15"><span class='ocrx_word' id='word_1_231' title='bbox 234 3279 260 3345; x_wconf 88' lang='lat'>1)</span> <span class='ocrx_word' id='word_1_232' title='bbox 282 3274 382 3329; x_wconf 90' lang='lat' dir='ltr'>Moneo</span> <span class='ocrx_word' id='word_1_233' title='bbox 410 3274 595 3344; x_wconf 88' lang='lat' dir='ltr'>Bongarsium</span> <span class='ocrx_word' id='word_1_234' title='bbox 623 3271 805 3342; x_wconf 81' lang='lat' dir='ltr'>Calpurnium</span> <span class='ocrx_word' id='word_1_235' title='bbox 831 3273 955 3342; x_wconf 89' lang='lat' dir='ltr'>itemque</span> <span class='ocrx_word' id='word_1_236' title='bbox 980 3275 1113 3343; x_wconf 80' lang='lat' dir='ltr'>excerpta</span> <span class='ocrx_word' id='word_1_237' title='bbox 1139 3289 1174 3328; x_wconf 88' lang='lat' dir='ltr'>ex</span> 
     </span>
     <span class='ocr_line' id='line_1_36' title="bbox 160 3343 1173 3412; baseline -0.003 -11"><span class='ocrx_word' id='word_1_238' title='bbox 160 3347 205 3401; x_wconf 89' lang='lat' dir='ltr'>Ps.</span> <span class='ocrx_word' id='word_1_239' title='bbox 227 3346 395 3412; x_wconf 81' lang='lat' dir='ltr'>Quintiliani</span> <span class='ocrx_word' id='word_1_240' title='bbox 423 3344 674 3400; x_wconf 88' lang='lat' dir='ltr'>declamationibus</span> <span class='ocrx_word' id='word_1_241' title='bbox 701 3343 854 3398; x_wconf 86' lang='lat' dir='ltr'>maioribus</span> <span class='ocrx_word' id='word_1_242' title='bbox 881 3343 1060 3406; x_wconf 83' lang='lat' dir='ltr'>collectaneis</span> <span class='ocrx_word' id='word_1_243' title='bbox 1088 3344 1173 3398; x_wconf 90' lang='lat' dir='ltr'>inri-</span> 
     </span>
     <span class='ocr_line' id='line_1_37' title="bbox 161 3415 1074 3486; baseline -0.001 -15"><span class='ocrx_word' id='word_1_244' title='bbox 161 3419 250 3474; x_wconf 86' lang='lat' dir='ltr'>dicia</span> <span class='ocrx_word' id='word_1_245' title='bbox 267 3419 425 3474; x_wconf 76' lang='lat' dir='ltr'>insenuisse.</span> <span class='ocrx_word' id='word_1_246' title='bbox 536 3419 562 3486; x_wconf 77' lang='lat'>2)</span> <span class='ocrx_word' id='word_1_247' title='bbox 581 3415 707 3470; x_wconf 85' lang='lat' dir='ltr'>Mortuus</span> <span class='ocrx_word' id='word_1_248' title='bbox 726 3417 769 3470; x_wconf 84' lang='lat' dir='ltr'>est</span> <span class='ocrx_word' id='word_1_249' title='bbox 788 3415 887 3470; x_wconf 84' lang='lat' dir='ltr'>Sienae</span> <span class='ocrx_word' id='word_1_250' title='bbox 905 3431 978 3471; x_wconf 88' lang='lat' dir='ltr'>anno</span> <span class='ocrx_word' id='word_1_251' title='bbox 999 3419 1074 3470; x_wconf 76' lang='lat'>1477.</span> 
     </span>
    </p>

    <p class='ocr_par' dir='ltr' id='par_1_7' title="bbox 233 3486 1174 3562">
     <span class='ocr_line' id='line_1_38' title="bbox 233 3486 1174 3562; baseline -0.006 -17"><span class='ocrx_word' id='word_1_252' title='bbox 233 3493 259 3562; x_wconf 83' lang='lat'>8)</span> <span class='ocrx_word' id='word_1_253' title='bbox 279 3490 367 3556; x_wconf 84' lang='lat' dir='ltr'>Quem</span> <span class='ocrx_word' id='word_1_254' title='bbox 380 3489 473 3544; x_wconf 85' lang='lat' dir='ltr'>Ritter</span> <span class='ocrx_word' id='word_1_255' title='bbox 490 3506 518 3557; x_wconf 89' lang='lat' dir='ltr'>p.</span> <span class='ocrx_word' id='word_1_256' title='bbox 533 3487 584 3541; x_wconf 87' lang='grc' dir='ltr'>ΧΠ</span> <span class='ocrx_word' id='word_1_257' title='bbox 603 3487 735 3542; x_wconf 86' lang='lat' dir='ltr'>editionis</span> <span class='ocrx_word' id='word_1_258' title='bbox 751 3486 898 3542; x_wconf 76' lang='lat' dir='ltr'>confundit</span> <span class='ocrx_word' id='word_1_259' title='bbox 917 3505 980 3542; x_wconf 90' lang='lat' dir='ltr'>cnm</span> <span class='ocrx_word' id='word_1_260' title='bbox 999 3487 1094 3543; x_wconf 79' lang='lat' dir='ltr'>Aenea</span> <span class='ocrx_word' id='word_1_261' title='bbox 1112 3486 1174 3556; x_wconf 84' lang='lat' dir='ltr'>Syl-</span> 
     </span>
    </p>
   </div>
   <div class='ocr_carea' id='block_1_6' title="bbox 160 3561 432 3617">
    <p class='ocr_par' dir='ltr' id='par_1_8' title="bbox 160 3561 432 3617">
     <span class='ocr_line' id='line_1_39' title="bbox 160 3561 432 3617; baseline -0.004 -1"><span class='ocrx_word' id='word_1_262' title='bbox 160 3562 205 3616; x_wconf 88' lang='lat' dir='ltr'>vio</span> <span class='ocrx_word' id='word_1_263' title='bbox 223 3561 432 3617; x_wconf 90' lang='lat' dir='ltr'>Picoolominio.</span> 
     </span>
    </p>
   </div>
   <div class='ocr_carea' id='block_1_7' title="bbox 0 0 1329 3918">
    <p class='ocr_par' dir='ltr' id='par_1_9' title="bbox 0 0 1329 3918">
     <span class='ocr_line' id='line_1_40' title="bbox 0 0 1329 3918; baseline 0 0"><span class='ocrx_word' id='word_1_264' title='bbox 0 0 1329 3918; x_wconf 95' lang='lat' dir='ltr'> </span> 
     </span>
    </p>
   </div>
  </div>
 </body>
</html>
