2640 3918
386 189 689 245 DECLAMATIONES
707 190 898 246 XLVIII—LI.
1102 191 1144 256 37

181 360 241 418 fert
258 361 452 438 rogationem,
474 362 509 418 ut
526 362 684 435 imperium
702 360 899 419 tansferatur
917 360 956 418 ad
977 379 1146 436 pauperem.

181 467 295 525 pauper
318 449 501 508 contradicit.

203 642 312 720 Habes,
331 663 455 720 pauper,
477 644 591 722 grande
609 643 764 710 solacium:
789 637 938 718 reliquisti
959 641 1147 720 superstitem

138 734 243 812 legem.
280 732 405 808 procede
423 734 603 812 legumlator
622 733 659 792 ad
676 727 801 810 bellum,¹
813 735 898 791 muta
917 732 1019 800 stilum
1033 732 1165 810 gladio„

136 823 230 880 lorica
248 825 358 898 togam.
395 824 457 882 iam
470 822 608 900 fortunae
622 823 694 881 satis
709 821 831 892 fecimus
846 823 876 880 et
893 821 1003 904 hostes,
1015 821 1062 880 vel
1077 821 1173 882 duma

137 913 293 985 vincimur,
307 911 508 989 fatigavimus.
541 913 573 968 in
587 901 744 970 victoriam
757 929 851 1000 paene
865 911 994 971 succedis
1010 911 1146 968 alienam.
1201 911 1206 933 ‘

611 1203 671 1271 al.
941 1203 942 1210 ’
1159 1211 1199 1268 49

314 1347 451 1429 Raptor
473 1347 631 1412 duarum.
646 1347 765 1413 fllium
787 1307 965 1414 nutriens.

135 1477 202 1536 Lax
222 1495 395 1537 manavir.
412 1536 414 1540 ,
434 1479 554 1554 quidam
573 1478 646 1538 duas
664 1477 773 1554 rapuit.
818 1467 979 1553 productae
998 1478 1037 1536 ad
1054 1480 1147 1555 magi·

183 1569 307 1644 stratus,
341 1568 437 1626 altera
468 1569 602 1643 nuptias,
638 1569 732 1626 altera
762 1569 889 1626 mortem
920 1569 1004 1644 petit.
1054 1569 1147 1645 magi-
1163 1591 1188 1630 ro

183 1658 294 1715 stratus
312 1655 517 1715 humaniorem
536 1658 714 1720 sententiam
733 1658 827 1716 secuti
849 1658 926 1716 sunt.
966 1659 1035 1732 post
1053 1657 1148 1716 factas

182 1746 302 1822 nuptias
321 1745 384 1819 illa,
409 1745 487 1820 quod
509 1747 593 1824 virgo
616 1737 755 1822 perpessa
777 1749 831 1819 est,
855 1764 942 1820 quem
966 1747 1148 1820 conceperat,

182 1837 307 1910 peperit.
346 1836 488 1910 exposuit.
529 1836 633 1910 raptor
649 1827 778 1910 suscepit
793 1836 844 1909 qui
860 1836 931 1892 tuno
946 1837 1010 1892 erat
1023 1836 1148 1894 maritus

184 1924 306 1982 alterius
322 1926 352 1981 et
366 1925 444 1982 alere
459 1925 570 1998 coepit·
601 1919 668 1983 reus
683 1926 728 1982 est
741 1925 826 1982 uxori
841 1925 937 1982 malae
951 1925 1147 1982 tractationis.

205 2117 298 2176 Venit
321 2118 359 2178 ad
386 2137 438 2178 vos
461 2138 555 2194 prava
582 2119 689 2194 mulier
716 2122 890 2178 accusatura
912 2121 1063 2194 pietatem.
1104 2121 1148 2176 in·
1163 2141 1187 2182 ιι

138 2207 252 2266 fantem
275 2207 371 2266 adhuc
393 2209 481 2267 iussit
503 2208 574 2266 feris
595 2207 716 2266 canibus
740 2210 770 2266 et
793 2207 865 2268 diris
889 2208 1010 2268 alitibus
1034 2209 1148 2282 exponi.

139 2298 213 2372 puto
235 2299 330 2372 patris
354 2297 459 2356 similis
490 2299 641 2372 apparuit,
669 2295 746 2355 unde
769 2301 896 2356 matrem
924 2299 988 2356 tarn
1017 2299 1149 2374 graviter
1236 2311 1240 2318 ·

139 2385 271 2443 offendit.
308 2405 378 2446 nam
398 2387 449 2462 qui
467 2389 566 2461 potest
585 2387 750 2460 expositum
768 2384 951 2461 praeterire?
987 2380 1148 2463 ‘ignoscere

138 2493 199 2532 non
221 2468 326 2548 potui'.
368 2478 402 2533 tu
424 2493 472 2533 me
495 2474 648 2549 docueras,
671 2471 784 2549 puella,
808 2476 949 2534 misereri.
995 2475 1030 2532 de
1053 2477 1148 2533 matre

138 2562 216 2620 nihil
238 2563 370 2628 memini.
412 2582 429 2621 o
453 2565 571 2640 gratum
600 2563 726 2622 infantis
756 2563 896 2622 errorem!
938 2566 968 2622 te
999 2565 1148 2623 existimat
1162 2585 1188 2624 ao

138 2653 273 2709 matrem.
311 2651 398 2724 disce,
421 2652 524 2711 infelix
542 2671 625 2728 puer,
644 2652 790 2712 natalium
808 2655 927 2711 tuorum
946 2652 1050 2726 fatum,
1069 2653 1148 2712 disce

137 2741 297 2798 fortunam.
342 2743 456 2815 pariter
482 2759 536 2799 nos
566 2740 682 2800 ambos
697 2741 804 2799 mulier
833 2741 954 2816 afflixit,
983 2743 1014 2799 et
1035 2743 1148 2817 pariter

138 2828 198 2886 alia
222 2829 359 2887 servabit.

227 3004 243 3048 3
262 3013 369 3066 pauper
386 3007 423 3052 B:
443 3000 525 3066 pater
545 3009 566 3052 ο

228 3073 243 3120 9
262 3075 287 3122 ct
307 3074 339 3122 10
358 3071 451 3140 maffg.
473 3080 494 3124 ι’
595 3075 627 3123 11
647 3069 796 3124 humanius
815 3078 869 3123 Bc
964 3076 995 3124 12
1015 3086 1147 3140 perpessa

137 3149 201 3206 θος
220 3155 366 3208 perpressa
381 3141 541 3194 Burmann:
561 3141 618 3194 coll.
637 3141 683 3196 Oc.
699 3159 745 3196 ars
759 3146 784 3208 1,
799 3145 866 3208 3943
887 3141 962 3209 quod
977 3141 1065 3196 virum
1086 3158 1147 3212 per-

136 3227 220 3281 pessa
239 3213 300 3264 erat
320 3212 479 3282 artaldum
503 3211 578 3278 quod
597 3214 724 3280 stuprum
746 3213 825 3282 virgo
848 3228 980 3281 perpessa
1003 3216 1046 3268 oet
1064 3213 1147 3268 Klotz

138 3289 172 3336 14
187 3281 303 3336 alteriue
316 3301 341 3336 c.
356 3283 528 3349 Winterfeld,
541 3284 641 3338 Philet.
653 3288 689 3338 55
701 3287 799 3351 (1896)
810 3288 920 3352 p.189.·
935 3284 1042 3337 alienua
1052 3292 1105 3338 Bc

137 3353 230 3424 alate
250 3355 337 3422 (ter.)
358 3364 388 3418 ος
408 3353 538 3408 alteraB
609 3359 642 3407 15
661 3369 747 3423 prava
765 3363 803 3408 B:
822 3354 872 3423 pia
889 3365 911 3408 a*
980 3361 1013 3408 20
1032 3355 1146 3409 memini

139 3425 201 3480 Gr:
221 3423 349 3478 meminit
363 3434 417 3478 Bo
486 3431 518 3479 21
538 3424 646 3478 factum
659 3433 723 3494 port
736 3426 842 3495 pariter
857 3427 873 3478 l.
888 3429 926 3479 22
940 3435 1003 3494 θος
1022 3433 1146 3496 transpo-

136 3497 194 3620 md
211 3502 236 3548 et
254 3513 321 3550 corr.
337 3496 479 3551 Neocletos
551 3501 583 3548 22
603 3495 709 3566 pariter
727 3513 776 3554 cca.
792 3505 820 3550 B
890 3502 923 3550 23
943 3497 1064 3552 servabit
1085 3497 1146 3554 Ga:

136 3566 178 3619 -vi
208 3575 262 3620 Bo
