2640 3918
361 207 676 294 ΙΒΕΟΙιΑΜΑἸῚΟΝΕΒ
694 207 916 262 XXVI—XXIX.
1106 208 1151 274 25

183 381 255 439 titer
277 379 435 452 facturum,
458 377 484 436 si
505 377 563 438 sibi
580 397 659 436 mors
677 378 817 454 pauperia
840 377 1052 437 decerneretur.
1093 378 1151 436 De-

184 471 264 528 creta
284 470 336 527 eet.
377 466 464 528 ambo
482 469 689 543 processenmt
710 467 743 525 in
759 467 914 542 proelium.
955 486 1069 542 pauper
1092 462 1150 526 for·

183 558 257 616 titer
278 557 358 632 fecit,
381 556 462 616 dives
481 556 618 619 desenut.
663 556 742 630 petit
758 574 873 631 pauper
892 557 1025 630 praemio
1048 555 1150 616 divitis

78 715 81 722 ⁸
183 647 427 705 incolumitatem.
469 645 550 704 dives
574 645 760 704 contradicit.

208 787 278 846 Sero
309 787 406 863 coepit
433 788 482 846 hic
511 787 611 866 mileS,
647 787 770 862 iudiceS‚
800 789 927 845 mortem
957 788 1179 848 contemnerer

140 896 195 955 ego
222 879 317 954 tacui,
347 895 414 935 cum
440 880 569 952 peterer3
598 875 646 936 hie
675 877 774 934 vivere
802 875 921 934 iubetur
951 878 982 934 et
1008 878 1151 951 queritur.

140 967 295 1042 expectavi
322 966 373 1025 diu
400 966 537 1040 diuitem,
564 968 599 1024 ut
620 965 672 1023 ille
698 964 798 1039 potius
822 964 902 1040 quod
924 965 1074 1040 promisit,
1097 967 1151 1024 im-

139 1056 243 1131 pleret.
285 1054 322 1113 ab
346 1056 410 1129 ipso
434 1073 551 1130 quoque
574 1053 667 1112 divite
689 1056 765 1112 inire
788 1054 878 1112 debeo
901 1056 1062 1113 maximam
1085 1074 1153 1134 gra·

139 1146 229 1203 tiam:
251 1144 330 1219 quod
348 1144 399 1202 ille
418 1143 551 1218 debebat,
575 1162 628 1221 ego
648 1144 731 1202 solvi.
777 1142 856 1201 idem
873 1145 905 1200 in
923 1146 1055 1218 praemio
1074 1143 1152 1202 facio

141 1234 220 1310 quod
242 1234 272 1290 in
296 1233 422 1308 proelio:
453 1252 536 1292 servo
564 1233 671 1307 civem,
703 1233 933 1290 commilitonem
962 1251 1062 1291 meum
1083 1252 1152 1309 pro·
1167 1254 1195 1292 uo

139 1326 217 1400 tego.
263 1323 341 1380 idem
365 1324 422 1380 eris
444 1324 477 1379 in
500 1342 606 1381 aevum
630 1322 681 1397 qui
704 1339 846 1397 supremo¹
865 1320 911 1380 die
934 1321 1033 1380 fueris.

560 1545 735 1622 XXVIII.

335 1688 443 1755 Divos
466 1687 576 1757 sertin
598 1687 768 1754 inimicus
792 1687 955 1755 duorum.

139 1813 231 1870 Dives
254 1811 366 1870 duobus
389 1811 568 1887 pauperibus
586 1811 723 1870 inimicus
741 1812 880 1886 promisit
898 1829 929 1869 se
951 1811 1072 1870 fortiter
1092 1812 1154 1870 fac·

184 1904 298 1976 tumm,
329 1901 355 1958 ei
382 1901 439 1960 eibi
467 1919 546 1958 mors
576 1901 663 1959 unius
693 1899 907 1958 decerneretur.
953 1898 1071 1958 decreta
1100 1902 1152 1958 est.
1168 1910 1195 1950 1⁵

185 1989 262 2048 alter
286 1987 316 2048 O.
336 1989 371 2047 D.
413 1989 495 2048 dives
514 1989 633 2048 fortiter
655 1990 733 2049 fecit.
774 1989 853 2063 petit
871 1990 1005 2063 praemio
1028 1991 1154 2047 mortem

185 2079 267 2138 illiue
290 2079 340 2153 qui
365 2079 592 2137 contradirrerat
634 2077 711 2136 alter
734 2075 820 2135 (1.1).

207 2220 271 2297 Ego
295 2221 415 2296 quidem
438 2220 528 2279 verba
549 2221 682 2279 facturus
705 2222 738 2277 in
761 2221 882 2278 alterius
905 2220 1037 2294 periculo
1060 2239 1155 2294 nuper

139 2311 172 2368 in
202 2328 267 2368 meo
295 2311 389 2384 tacui,
419 2329 486 2368 cum
514 2311 680 2384 praemium
709 2311 824 2383 peteret
852 2309 996 2368 iniustum
1027 2309 1079 2384 qui
1101 2328 1155 2384 per

140 2400 221 2476 leges
250 2399 375 2458 necdum
403 2401 505 2474 posset
532 2401 634 2474 petere
663 2399 711 2456 vel
740 2399 860 2456 iustum.
912 2415 965 2473 per
994 2398 1042 2455 tot
1070 2399 1154 2455 inno-
1168 2419 1201 2470 ao¹

141 2489 271 2548 centium
301 2489 402 2562 capita
431 2489 597 2565 grassatur:
630 2487 709 2546 hunc
739 2487 895 2561 relinquit,
924 2486 1003 2545 hunc
1033 2488 1154 2561 arripit3

139 2577 219 2638 huno
241 2578 349 2636 timore
370 2578 466 2652 punit,
489 2576 567 2636 hune
589 2578 692 2636 morte.

581 2799 718 2866 XXIX.

209 2942 330 3010 Fortis
353 2942 451 3010 dives
473 2942 614 3008 inimici
637 2941 790 3008 alteram
813 2941 926 3008 filiam
949 2940 1084 3023 petens·

140 3065 260 3141 Pauper
283 3068 313 3123 et
336 3065 417 3125 dives
443 3066 565 3123 inimici.
606 3067 732 3139 pauperi
760 3065 835 3123 duae
862 3064 949 3123 filiae.
991 3063 1063 3122 belii
1080 3065 1154 3122 tem·
1168 3085 1196 3124 aa

185 3173 257 3232 pore
284 3155 423 3230 promisit
450 3173 481 3213 se
509 3154 590 3212 dives
618 3154 737 3213 fortiter
759 3154 929 3228 facturum,v
949 3155 975 3212 si
997 3155 1029 3210 in
1051 3153 1154 3211 matri·

232 3308 375 3375 opeterer
391 3348 396 3358 .
413 3349 418 3359 .
435 3348 440 3358 .
455 3305 503 3358 hic
522 3306 634 3376 (laeuae
653 3309 670 3358 3
689 3305 893 3374 litterarum)v
999 3304 1104 3359 teolvi
1122 3321 1155 3359 ea

141 3377 209 3434 silui
227 3379 268 3434 oei
286 3376 359 3431 uolui
372 3386 400 3431 B
478 3383 509 3431 11
530 3375 604 3430 idem
618 3393 687 3445 equ:
706 3375 770 3430 ideo
789 3391 867 3430 meua
882 3375 945 3444 eris,
964 3376 1091 3445 quamvis
1110 3393 1154 3428 eu-

139 3465 238 3520 premo
257 3448 303 3502 die
322 3447 447 3518 fungeris
466 3447 609 3519 Schuttiap
700 3462 830 3516 suprema
850 3458 871 3501 a*

217 3525 266 3574 ,16
285 3526 310 3574 et
330 3523 362 3572 1⁷
382 3517 550 3573 contradicit
567 3527 596 3571 Β
666 3523 698 3571 21
719 3520 860 3572 crassatur
879 3529 901 3572 c

232 3597 266 3646 24
285 3589 371 3644 fortae
392 3601 413 3644 ι’
481 3589 555 3659 petit
571 3598 600 3642 Β
