2640 3918
492 192 685 247 CALPVRNII
703 192 828 248 nancel

635 407 682 476 X.

440 548 550 616 Pater
572 550 726 633 receptis
749 551 876 620 oculis.

156 679 211 739 Oui
234 683 319 740 erant
341 682 402 740 tres
424 680 488 759 filii,
513 683 628 742 amissis
652 682 765 741 duobus
784 682 878 742 flendo
903 683 1001 744 oculos
1024 681 1164 758 perdidit.

199 770 359 829 somniavit
377 789 408 830 se
425 772 612 845 recepturum
631 771 738 846 oculos,
762 773 787 831 si
805 772 912 830 tertius
933 770 1012 832 filius
1030 772 1164 846 perisset.

128 881 140 920 s
199 861 346 918 somnium
369 860 454 918 uxori
476 859 629 918 indicavit.
675 861 728 919 illa
751 860 812 919 filio
835 860 981 936 prodidit,
1011 858 1165 935 suspendit

199 966 231 1007 se
254 948 431 1008 adulescens.
477 950 563 1023 pater
589 951 702 1024 recepit
724 949 833 1009 oculos.
877 949 1016 1025 repudiat
1033 967 1163 1007 uxorem.

200 1039 264 1114 agit
286 1037 340 1095 illa
362 1038 467 1096 iniusti
489 1037 614 1113 repudii.

221 1195 300 1256 Ante
324 1199 423 1256 omnia
440 1197 497 1255 hoc
520 1198 632 1257 advos
655 1217 738 1256 meae
756 1198 855 1257 defero
874 1198 1061 1257 infelicitatis
1085 1197 1165 1272 quod

155 1286 254 1345 videre
278 1288 369 1361 coepi
415 1287 457 1345 sic
484 1288 664 1361 spectatores
694 1287 773 1346 oculi
798 1288 907 1346 tertiae
935 1287 1060 1346 redeunt
1086 1286 1163 1346 orbi-

115 1395 140 1434 1o
154 1377 239 1434 tatis:
268 1375 320 1450 qui
345 1375 565 1435 calamitatibus
592 1378 753 1450 cesserant,
781 1376 942 1452 parricidio
969 1378 1164 1435 revertemmt.

153 1463 285 1522 mirabar
311 1464 443 1539 profecto
472 1464 551 1539 quod
573 1466 605 1522 in
634 1466 788 1540 utriusque
818 1465 946 1524 orbitate
973 1465 1052 1524 solus
1078 1466 1166 1540 pater

155 1551 254 1611 oeulos
284 1552 468 1628 perdidisset.
514 1555 610 1612 iussus
639 1573 703 1613 sum
725 1554 839 1628 videre,
861 1555 1021 1630 postquam
1051 1555 1164 1628 spacta-

154 1642 249 1699 torem
278 1643 369 1700 tertia
399 1641 510 1700 orbitas
544 1661 604 1700 non
637 1642 773 1702 habebat.
825 1642 971 1717 numquid
1001 1642 1166 1702 discutiunt

154 1732 228 1789 recti
250 1731 456 1789 necessitatem
479 1732 531 1804 qui
550 1731 664 1806 aliquid
683 1750 783 1790 amore
800 1728 955 1791 fecerunt?
979 1733 1090 1790 cessate
1112 1749 1165 1806 pa·

112 1839 140 1880 rc
153 1838 282 1895 rumper,
305 1819 440 1878 exhausti
458 1818 558 1899 fletus3
582 1819 666 1878 differ
685 1821 882 1895 aliquantum,
905 1821 1038 1880 saucium
1056 1820 1164 1878 lumen.

155 1909 238 1967 decet
256 1927 318 1969 esse
342 1909 441 1968 oculos
460 1909 593 1968 duriores
612 1911 664 1985 qui
682 1910 789 1968 scelere
810 1911 1004 1968 reverterunt.
1049 1909 1165 1966 nullum

154 1999 187 2055 in
208 1998 265 2056 tali
290 1999 461 2056 calamitate
480 1997 517 2056 ab
540 2017 630 2056 uxore
649 1999 798 2058 solacium.
836 1992 1025 2076 (somnium)
1043 1999 1165 2059 misera-

154 2088 266 2144 tionem
295 2106 392 2145 meam
421 2089 493 2146 tunc
519 2087 632 2145 habuit.
677 2090 746 2162 post
777 2089 860 2163 coepi
889 2106 1008 2146 monere
1036 2087 1071 2144 de
1093 2085 1165 2145 filio.

154 2175 256 2234 horret
285 2175 394 2234 referre
423 2177 538 2234 animus
567 2175 645 2251 quod
674 2178 808 2251 paenitet
836 2176 989 2236 indicasse.
1037 2194 1092 2234 nac
1120 2193 1165 2233 re·

113 2282 141 2322 ao
154 2264 253 2322 media
272 2264 440 2338 quaerenda
454 2267 531 2336 sunt,
548 2264 602 2323 ubi
614 2266 710 2323 maior
728 2266 881 2340 suppliciis
900 2266 1025 2325 sanatio.
1063 2266 1165 2342 gratu·

154 2352 277 2410 landum
299 2354 380 2427 patri
409 2355 467 2426 est,
497 2353 577 2427 quod
603 2371 663 2411 non
685 2352 764 2414 filius
787 2355 954 2414 somniavit.
1000 2353 1088 2413 debet
1109 2353 1165 2413 hoc

155 2442 218 2500 sola
236 2444 332 2500 mater
351 2442 462 2514 audire,
484 2442 532 2500 vel
550 2444 585 2499 ut
603 2441 665 2500 filio
684 2446 796 2516 caveat,
820 2443 867 2503 vel
885 2462 922 2502 ne
940 2443 1043 2501 mariti
1065 2442 1166 2502 doleat

155 2531 336 2590 eaecitatem.
384 2549 496 2590 arcesso
521 2532 683 2608 coniugem.
729 2533 799 2605 iam,
821 2533 952 2607 inquam,
976 2550 1079 2591 caecus
1102 2550 1165 2590 esse

155 2621 250 2694 cupio.
297 2621 388 2679 etiam
417 2638 495 2678 nunc
525 2619 605 2693 apud
633 2639 681 2678 me
711 2620 787 2679 latet
814 2621 893 2696 quod
923 2620 985 2680 sola
1015 2623 1049 2679 tu
1075 2622 1173 2690 nosti„

114 2727 140 2769 as
154 2708 253 2768 subito
277 2710 398 2784 aspectu
426 2709 533 2766 somnii
555 2709 587 2766 in
609 2711 722 2767 metum
745 2711 814 2768 veni
837 2710 879 2783 et,
907 2709 1016 2782 fateor,
1044 2710 1080 2769 de
1102 2709 1164 2768 filio

156 2797 275 2873 quidem
293 2799 390 2871 timui,
409 2797 460 2855 sed
478 2797 514 2855 de
531 2800 627 2856 matre
645 2816 705 2855 non
719 2797 837 2857 credidi.
874 2798 990 2855 nullum
1007 2799 1165 2872 impatien-

154 2888 215 2946 tius
244 2886 357 2944 malum
386 2889 431 2944 est
461 2905 550 2961 quam
581 2886 696 2946 invidia
725 2905 791 2945 cum
821 2887 1006 2959 calamitate,
1036 2888 1101 2961 qui,
1131 2888 1167 2944 ut

243 3072 501 3127 3filiaemissiso
572 3073 736 3127 linillao
806 3074 943 3140 9si12c3
963 3074 1165 3138 sicPitboeco;

154 3145 204 3198 dcl.
222 3145 269 3198 Gr.
360 3145 557 3213 peccatoris&
640 3151 672 3198 12
691 3144 889 3214 perdidisses
977 3149 1009 3197 13
1028 3144 1166 3212 numquid

155 3216 204 3284 qui
217 3224 272 3269 Bo
288 3215 347 3285 (qui
361 3215 410 3270 dcl.
426 3218 454 3285 o)
519 3221 552 3268 14
571 3229 679 3270 cessare
697 3224 751 3270 Bo
818 3221 851 3269 15
870 3231 969 3269 sanum
982 3232 1057 3269 nunc
1070 3214 1165 3269 lumen

155 3287 298 3357 Schulticp
393 3291 424 3340 17
445 3286 582 3341 somnium
600 3288 664 3341 add.
683 3287 822 3342 Dessaucr
912 3292 945 3340 19
965 3288 993 3340 et
1013 3285 1108 3341 horret
1126 3295 1165 3354 ης

154 3361 270 3414 errato
374 3364 409 3412 20
427 3357 540 3412 maioris
561 3358 610 3413 Gr.
718 3357 850 3427 supplicii
869 3367 932 3426 1203
951 3375 1018 3413 corr.
1034 3358 1166 3412 Pithoeus

154 3429 296 3484 altilium
314 3439 342 3484 B
409 3435 442 3484 22
461 3429 520 3484 filio
538 3429 677 3483 somnium
694 3429 819 3483 narrarit
836 3430 980 3501 Sclrcltc'cp
1052 3434 1085 3482 23
1105 3445 1165 3483 esse

155 3516 254 3557 caecus
267 3510 296 3554 B
365 3508 400 3556 24
420 3501 522 3556 solatia
536 3509 589 3555 Bo
658 3506 692 3554 25
706 3503 835 3556 metusc
904 3500 1165 3569 liquidarum,

153 3591 221 3628 corr.
237 3594 253 3625 ο
