2640 3918
554 189 703 245 Praefatio.
1096 187 1135 244 IX

126 357 226 417 mania
248 357 379 418 codicem
405 377 483 418 nunc
506 358 693 434 deperditum
719 359 843 418 missnnn
870 377 932 418 esse
959 357 991 416 in
1013 357 1135 417 Italiam

128 447 177 524 qui
204 447 456 523 complectebatur
482 447 732 507 declamationum
759 447 972 507 collectionem.
1016 445 1135 524 scripsit

126 537 204 596 enim
221 528 320 618 ille¹):
343 541 455 596 ccatwm
473 541 499 618 ct
515 538 636 611 triptota
653 555 704 596 sca
723 537 896 612 waddwai
914 536 1135 596 declamationes

125 625 166 685 ad
184 630 209 684 tc
226 643 321 700 caper
338 643 353 685 c
373 625 534 686 &amaena
553 627 660 686 mIssas
679 625 854 700 Quiritdiaac'
872 642 932 684 csse
949 628 990 684 sic
1008 626 1135 685 arbdrcr

125 719 183 774 at.
208 757 214 772 .
236 757 242 772 .
263 716 476 788 maranata
504 717 537 774 ia
564 716 657 774 codice
689 715 930 775 declamationem
957 713 1081 774 Senecae
1104 715 1137 773 X

125 804 213 863 aaa.
229 848 235 860 .
251 849 258 862 .
272 804 430 864 secacum
445 805 500 863 bas
516 797 697 880 Calfaratt²)
710 802 813 864 Flacci
832 807 978 878 excerptae
992 803 1136 876 amedaeo

119 909 236 966 paucae
252 894 461 966 perbrcccsqac
482 895 638 954 sectandae
660 910 744 967 pacm
762 911 811 968 epo
833 895 908 952 inter
930 893 1137 952 dataacatores

125 981 279 1041 amatae
307 984 415 1051 necao,
449 999 491 1041 aa
518 999 650 1055 maccam
681 983 806 1057 laeam.
853 983 1007 1057 arpennas
1039 986 1136 1042 tamea

125 1071 186 1128 call
202 1071 295 1130 videri
313 1075 346 1139 ci,
365 1073 425 1129 nisi
438 1071 515 1143 qaod
530 1073 643 1131 tractor
661 1076 710 1141 cst,
728 1070 852 1132 Senecae
864 1072 1033 1145 pascatur.
1067 1075 1137 1144 post

124 1160 200 1218 tuac
223 1155 304 1232 ‘fiais
333 1155 541 1233 caccrptacum’
563 1162 754 1220 satscribtbar
776 1161 878 1220 Mais
908 1161 1079 1220 maiusculis
1111 1164 1137 1219 ct

125 1245 266 1307 Aatboac'c'
296 1249 412 1308 [abaci
442 1251 537 1308 acacio
564 1251 647 1309 actas
680 1267 717 1309 ac
746 1267 813 1310 moa
844 1253 871 1308 ct
902 1253 1136 1323 asemperaaae

126 1336 299 1411 Quintiliani
324 1340 548 1411 pandantur,
577 1343 610 1396 at
637 1339 724 1413 facilc
757 1341 901 1412 appareat
931 1339 1136 1398 eaosaaoaras

124 1427 215 1499 faisse
238 1430 480 1502 extemporaneas,
499 1429 638 1502 capitatas
659 1430 721 1487 iam
738 1430 931 1501 praecessisse
946 1473 952 1484 .

190 1515 275 1574 Unde
299 1515 377 1576 effici
404 1515 522 1576 videtur
543 1516 654 1576 librum
676 1516 763 1576 illum
785 1517 876 1576 fuisse
899 1517 931 1574 in
953 1515 1135 1575 bibliotheca

125 1603 283 1663 cardinalis
310 1604 392 1664 illins
416 1604 561 1665 Senensis
602 1625 669 1664 cum
696 1608 798 1666 autem
819 1626 855 1665 ex
881 1605 1061 1664 bibliotheca
1078 1603 1136 1686 *Se-

125 1693 208 1752 nensi
226 1693 356 1768 plurima
373 1694 543 1753 litterarum
560 1697 753 1755 monumenta
770 1695 818 1755 vel
836 1696 903 1772 ipsa
920 1694 969 1753 vel
987 1694 1136 1770 descripta

125 1781 251 1840 Romam
264 1783 297 1841 in
309 1782 521 1844 bibliothecam
531 1782 702 1844 (lhisianam
716 1782 891 1844 transmissa
901 1800 964 1842 esse
979 1784 1094 1843 constet
1100 1774 1136 1860 ³),

126 1873 155 1929 et
177 1871 252 1930 liber
270 1869 299 1933 0
314 1871 352 1930 ab
370 1872 465 1931 isdem
482 1873 607 1950 incipiat
625 1873 723 1933 verbis
746 1877 835 1950 atque
851 1871 946 1932 codex
963 1872 1015 1931 ille
1034 1871 1136 1948 deper-

125 1959 213 2036 ditus,
236 1960 348 2036 optimo
370 1961 445 2020 mihi
462 1963 561 2021 Ritter
578 1982 607 2037 p.
625 1963 684 2021 XII
698 1981 760 2038 sqq.
784 1960 904 2021 videtur
926 1961 1085 2023 coniecisse
1110 1958 1139 2022 0

126 2068 161 2107 ex
183 2048 236 2108 illo
259 2049 358 2109 codice
383 2049 507 2110 Senensi
532 2051 663 2126 fluxisse,
693 2069 760 2110 cum
788 2069 848 2128 qua
876 2049 1029 2128 opinione,
1060 2050 1137 2109 sicut

124 2135 223 2197 Ritter
244 2141 323 2198 recte
342 2142 451 2215 monet,
473 2159 569 2215 neque
588 2142 712 2218 pugnat,
735 2140 815 2216 quod
836 2139 979 2200 Senecam
997 2137 1136 2199 librarius

126 2224 155 2288 0
170 2226 271 2286 omisit
294 2259 338 2268 -
357 2246 435 2288 anno
459 2229 537 2287 enim
562 2230 647 2288 1490
667 2230 697 2288 et
722 2231 806 2288 1492
828 2229 880 2286 ille
903 2229 965 2288 iam
986 2227 1069 2306 typis
1088 2247 1136 2287 ex·

125 2333 225 2375 cussus
240 2318 305 2375 erat
323 2351 367 2358 —
384 2337 438 2376 nec
452 2317 532 2393 quod
545 2316 677 2390 idemde
692 2317 824 2378 Antonio
843 2318 960 2378 Iuliano
978 2320 1008 2376 et
1025 2319 1136 2376 extem-

124 2404 260 2480 poraneis
284 2405 462 2474 Quintiliani
484 2408 565 2466 tacet
586 2425 668 2482 quos,
691 2426 758 2465 cum
781 2409 880 2466 essent
902 2406 1023 2467 nomina
1045 2406 1134 2482 plane

123 2494 234 2568 inania,
250 2495 368 2554 silentio
383 2515 450 2554 eum
463 2495 652 2571 praeteriisse
666 2515 751 2555 nemo
766 2496 931 2555 mirabitur.
964 2494 1044 2553 band
1057 2493 1134 2552 male

124 2581 222 2642 Ritter
245 2584 370 2642 adnotat
397 2584 557 2643 verisimile
584 2602 646 2643 csse
672 2582 857 2660 Campanum
884 2584 982 2660 ipsum
1005 2583 1136 2642 codicem

123 2671 319 2749 investigasse
350 2673 436 2732 etin
465 2673 587 2732 Italiam
615 2673 879 2732 transmittendum
910 2691 1027 2732 curasse
1057 2691 1135 2732 anno

126 2761 209 2819 1471
241 2780 300 2837 qno
331 2762 526 2822 Ratisbonam
559 2765 681 2822 venerat
713 2781 781 2822 cum
816 2761 973 2822 Francisco
1001 2761 1135 2821 Piocolo-

123 2847 216 2909 minio
240 2851 292 2925 qni
315 2850 407 2929 legati
430 2852 462 2909 in
484 2853 663 2911 conventum
682 2841 851 2910 Germanici
874 2850 991 2927 imperii
1013 2867 1135 2909 munere
1196 2880 1199 2885 ·

123 2956 160 2996 eo
183 2958 261 2998 anno
283 2939 471 3018 fungebatur.
830 2946 832 2952 '

197 3165 222 3231 1)
242 3159 377 3232 Campani
396 3179 481 3233 opera
500 3163 606 3230 omnia,
625 3162 762 3218 Venetiae
782 3162 930 3229 mansel.
945 3160 1038 3228 LXIII,
1061 3161 1137 3214 unde

121 3232 154 3286 in
180 3231 348 3298 Quintiliani
373 3234 511 3290 editiones
529 3236 644 3304 recepta
669 3236 719 3291 est.
756 3233 903 3303 inscriptio
929 3231 1068 3302 epistulae
1094 3233 1137 3287 est

124 3303 254 3359 ‘censura
273 3305 303 3359 in
322 3305 490 3370 Quintiliani
508 3305 748 3361 declamationes'.
836 3341 838 3345 ,

196 3415 222 3482 2)
237 3410 278 3466 cf.
283 3411 401 3510 titulum
409 3412 585 3467 Monacensis
596 3418 660 3466 316:
672 3411 826 3482 ‘Incipiunt
833 3429 867 3466 ex
875 3375 1025 3480 Galpdrnio
1035 3409 1136 3464 Flacco

122 3485 283 3623 emelim}
302 3553 429 3623 Bluhmc‚
448 3555 503 3610 iter
519 3554 650 3609 Italicum
668 3554 707 3608 IV
725 3561 785 3610 227.
